4290 5372
775 616 881 696 :54
1712 590 2133 660 Bartmmia
2211 588 2279 660 6.
2334 592 2608 661 stricta.

993 784 1248 861 Radix
1301 778 1572 879 exigua
1618 774 1705 847 in
1751 774 1914 848 basi
1968 777 2254 850 caulis..
2346 783 2600 854 Caulis
2643 778 2957 856 uncIam
3007 804 3244 859 unam
3293 785 3575 862 duasve

778 929 1005 1010 altus,
1060 919 1388 1023 strictus,
1430 915 1954 1000 'dichotomus,
2026 914 2122 986 ad
2176 912 2547 987 divisuras
2612 940 2747 1010 per
2810 917 2999 992 folia
3068 922 3378 995 densius
3454 946 3578 1019 ag-

784 1077 1082 1166 gregata
1132 1056 1584 1127 incrassatus
1636 1064 1713 1121 et
1755 1049 2001 1123 veluti
2051 1052 2418 1137 nodosus,
2475 1053 2704 1125 ramis
2772 1053 3214 1153 fastigiatis,
3284 1054 3447 1129 basi
3499 1072 3577 1128 et

777 1225 916 1301 per
970 1194 1394 1271 siccitatem*
1440 1187 1669 1260 etiam
1734 1189 1964 1284 apice,
2024 1187 2451 1262 attenuatis.
2564 1196 2782 1264 Folia
2827 1192 3134 1287 copiosa
3181 1210 3257 1263 et
3289 1193 3575 1287 ubique

779 1337 1039 1437 spissa,
1095 1357 1135 1403 e
1185 1326 1939 1403 lineari-lanceolam
1990 1300 2400 1423 cuspidata,
2456 1342 2622 1397 toto
2671 1328 3013 1425 margine
3067 1346 3141 1399 et
3199 1325 3282 1398 in
3338 1325 3575 1422 apicis

783 1477 1009 1549 dorso
1064 1481 1359 1549 serrata,
1407 1461 1498 1532 ab
1543 1458 1811 1534 infima
1864 1462 2029 1535 basi
2078 1465 2177 1535 ad
2227 1464 2522 1559 apicem
2563 1464 2914 1536 omnino
2939 1463 3220 1549 stricta,
3277 1482 3577 1535 summa

678 1699 697 1704 φ
774 1608 1139 1686 siccitate
1169 1601 1667 1688 subincurva,
1721 1598 2006 1693 pallide
2073 1599 2390 1683 viridia:
2458 1599 2765 1672 reticuli
2834 1601 3123 1672 areolae
3186 1599 3581 1695 parallelo·

780 1766 1180 1848 graminae,
1237 1738 1583 1812 satiatae:
1634 1758 1915 1805 nervus
1956 1759 2258 1819 crassus
2285 1737 2386 1807 ad
2437 1737 2732 1832 apicem
2779 1738 3216 1833 perdurans.
3321 1737 3583 1807 Flores

710 1926 718 1933 ·
779 1876 1388 1984 gemmiformes‚
1440 1870 2041 1967 hermaphroditi
2064 1926 2087 1961 ‚
2144 1871 2238 1945 ad
2294 1871 2507 1946 bases
2569 1875 3042 1946 ramulorum
3114 1886 3472 1974 constant
3539 1891 3581 1941 e

774 2016 991 2123 foliis
1047 2010 1475 2111 perichaetii
1522 2008 1986 2096 lanceolatis,
2044 2008 2552 2097 ‘exterioribus
2587 2025 2819 2083 ovato
2840 2008 3349 2096 -lanceolatis,
3411 2029 3582 2077 ner·

778 2179 881 2228 vo
936 2147 1352 2253 instructis,
1417 2144 1727 2249 rigidis&
1762 2143 1998 2238 duplo
2052 2144 2512 2232 minoribus,
2567 2170 2798 2242 quam
2856 2143 3175 2217 caulina.
3304 2142 3585 2216 Anthe-

776 2315 909 2364 rae
965 2284 1340 2377 oblongae
1403 2298 1476 2348 et
1530 2281 1819 2390 pis-tilla
1865 2278 2233 2367 plurima3
2296 2271 2765 2383 paraphyses
2816 2276 3247 2364 filiformes‚
3327 2279 3587 2348 anthe·

778 2425 883 2497 ris
936 2419 1196 2514 paullo
1248 2412 1676 2507 longioreS,
1749 2406 2086 2479 articulis
2156 2407 2537 2513 brevibus.
2671 2417 3069 2512 Vaginula
3141 2411 3640 2503 cylindrica,‘

778 2552 1247 2651 ferruginea.·
1340 2551 1517 2647 δρία
1569 2537 1919 2625 uncialis,
1973 2556 2196 2625 recta,
2256 2544 2532 2625 scabra,
2589 2542 2925 2615 siccitate
2977 2546 3281 2630 tortilis,
3346 2544 3588 2615 ferru-

780 2697 1009 2797 gineo
1030 2683 1318 2759 -rubra,
1442 2672 1685 2751 Theca
1752 2673 2173 2770 sphaerica,
2243 2673 2703 2770 inaequalia,
2773 2679 3094 2762 sulcata,
3170 2701 3300 2749 ore
3362 2678 3586 2751 valde

783 2841 1187 2906 contracta,
1233 2815 1830 2890 rufo-brunnea.
1949 2815 2372 2883 Peristomii
2415 2816 2695 2883 externi
2743 2813 2959 2885 nulla
2986 2813 3324 2887 vidimus
3349 2812 3586 2886 vesti-

781 2968 945 3070 gia:
1014 2966 1378 3032 internum
1429 2978 1469 3023 e
1528 2947 1973 3020 membrano
2028 2945 2413 3041 profunde
2470 2945 2988 3034 sedecimfida,
3057 2949 3362 3021 laciniis
3421 2951 3586 3020 lan-

780 3096 1109 3188 ceolatis,
1158 3085 1715 3187 irregularibus,
1772 3106 1989 3178 saepe
2037 3082 2246 3179 apice
2284 3082 2638 3155 mediove
2673 3082 3124 3180 coniugatis,
3161 3088 3581 3173 lutescen83

776 3239 1035 3340 paullo
1099 3216 1485 3326 rigidioris
1540 3219 2026 3307 substantiae,
2087 3244 2319 3316 quam
2354 3219 2945 3295 Bartramiarum
2997 3246 3167 3296 mos
3201 3241 3335 3295 est.
3386 3227 3586 3296 Fim-

782 3378 946 3466 bria
1040 3367 1275 3468 nulla.
1442 3361 1891 3455 operculum
1991 3341 2466 3447 convexum,
2595 3358 3222 3447 mammillatum,
3325 3360 3587 3433 thecae

786 3506 1167 3583 concolor.

889 3778 1071 3853 Tab.
1121 3773 1278 3844 LX.
1338 3766 1462 3866 fig.
1524 3787 1587 3840 1.
1632 3733 1939 3865 plantae
1990 3759 2324 3837 naturali
2376 3761 2930 3861 magnitudine.
3027 3786 3098 3839 Ω.
3153 3787 3342 3862 apex
3391 3765 3588 3839 rami

993 3935 1240 4010 augm.
1305 3931 1373 3978 0.
1523 3903 1679 4000 Fig.
1774 3925 1838 3989 3.
1907 3900 2095 3975 folia
2161 3899 2525 3974 inferiora
2592 3899 2966 3993 (minora)
3050 3919 3125 3975 et
3191 3904 3585 3999 superiora

994 4071 1239 4144 augm.
1307 4048 1363 4113 1.
1518 4038 1675 4135 Fig.
1737 4054 1807 4129 4.
1878 4057 2071 4133 apex
2138 4035 2317 4108 folii
2388 4057 2633 4135 augm.
2703 4041 2828 4110 IV.
2987 4039 3144 4136 Fig.
3219 4059 3284 4125 5.
3370 4041 3588 4113 theca

991 4207 1238 4280 augm.
1288 4203 1357 4250 o.
1463 4173 1621 4273 Fig.
1680 4177 1746 4243 6.
1796 4172 2228 4268 peristomii
2270 4195 2444 4270 pars
2495 4189 2572 4245 et
2611 4189 2693 4263 «7.
2745 4173 3056 4249 anthera
3088 4190 3163 4248 et
3201 4173 3581 4273 pistillum

996 4345 1176 4395 cum
1225 4310 1775 4415 paraphysibus
1831 4331 2080 4409 augm.
2134 4314 2263 4389 IV.
