4290 5372
1527 645 1898 740 Hypnum‘
1931 659 1979 736 4
1992 663 2056 730 5.
2111 643 2630 719 catenulatum..
3351 671 3395 721 2.
3415 673 3443 721 1
3459 677 3502 746 9

1126 745 1171 758 ffl-

886 807 1317 913 imbricatiS
1397 836 1642 910 ovatis
1713 834 2266 912 seminervibus
2335 832 2703 907 histriatis
2758 830 3051 923 obesis,
3138 827 3510 934 operculo*

881 979 1299 1051 rostellatO.

777 1122 1162 1212 Hypnum
1215 1119 1721 1189 catenulatum
1764 1110 1968 1185 Brid.
2028 1105 2345 1185 muscol.
2403 1114 2650 1209 suppl.
2699 1136 2766 1212 e.
2811 1137 2884 1208 p.
2948 1126 3112 1204 154.
3168 1126 3245 1185 et
3294 1136 3501 1188 mus-

879 1255 1022 1326 col.
1070 1278 1140 1325 2.
1204 1277 1264 1326 1.
1318 1278 1392 1349 p.
1447 1257 1564 1342 64.
1619 1268 1672 1321 t.
1733 1270 1798 1337 5.
1853 1249 1975 1348 fig.
2034 1267 2106 1341 4.
2166 1249 2308 1321 sub
2361 1249 3033 1347 Pterigynandm„

769 1422 1141 1497 Grimmia
1205 1423 1632 1491 catenulam
1648 1470 1670 1502 ,
1745 1416 1957 1488 foliis
2012 1417 2886 1504 cordato-acuminatis),
2953 1419 3487 1512 uninervibus,

868 1564 1110 1630 n‘ervo
1164 1577 1427 1626 versus
1482 1576 1800 1624 acumen
1848 1572 2374 1642 evanescente,
2445 1552 2997 1656 integerrimis,
3055 1575 3497 1658 erecto-ap-

872 1692 1170 1794 pressis.
1258 1691 1502 1773 NVeb,
1558 1706 1637 1762 et
1690 1690 1941 1762 Mohr.
2001 1708 2240 1789 crypt.
2297 1698 2544 1768 Germ.
2599 1721 2673 1792 p.
2707 1715 2906 1782 251.

738 1863 1469 1967 JPterigynandrum
1518 1867 2028 1936 catenulatum
2082 1859 2446 1939 Schleich.
2505 1883 2743 1962 crypt.
2805 1868 3150 1942 exsiccat.

770 2044 861 2110 In
904 2037 1219 2133 rupibus
1266 2035 1561 2132 alpium
1615 2034 2060 2108 Germaniae
2092 2044 2170 2108 et
2218 2037 2654 2123 Helvetiae3
2712 2037 3139 2122 rarissimos
3191 2036 3485 2111 fructus

877 2176 968 2246 cl.
1036 2174 1333 2247 Frolich
1398 2171 1739 2268 in·Alpe
1790 2173 2178 2273 Algoviae‘
2213 2174 2613 2278 Griinthen
2662 2176 2855 2274 legit
2909 2194 3022 2265 et,
3093 2176 3211 2247 uti
3263 2177 3482 2265 solet,

866 2311 1064 2383 bene
1120 2305 1603 2434 examinavit.
1658 2316 1744 2394 υ..

889 2484 1145 2552 Radix
1193 2480 1525 2554 basilaris
1574 2498 1650 2571 et
1700 2481 1787 2553 in
1835 2485 2045 2560 caule
2080 2481 2432 2556 inferiori
2482 2506 2752 2580 sparsa.
2874 2487 3129 2558 caulis
3176 2482 3483 2558 decum-

576 2690 593 2705 ,
658 2619 892 2707 «δεπε,
954 2619 1183 2715 ramis
1245 2644 1395 2705 una
1450 2618 1638 2692 serie
1695 2620 1999 2710 erectis,
2056 2619 2269 2718 apice
2326 2619 2695 2709 curvatis,
2758 2645 2926 2695 raro
2985 2603 3478 2712 subram'osis,

668 2758 1214 2853 subpinnatus,
1291 2758 1549 2828 luteo&
1574 2756 1855 2832 fuscus.
1972 2762 2217 2831 Folia
2285 2758 2623 2832 siccitate
2695 2783 3084 2881 appressa,
3165 2762 3480 2834 madore

667 2896 909 2967 laxius
938 2895 1357 2983 imbricata,
1415 2912 1657 2999 ovata,
1712 2912 1950 2983 acuta,
2001 2895 2526 2995 integerrima,
2578 2921 2946 2983 concava,
3004 2896 3184 2969 stria
3239 2898 3484 2995 utrin-

606 3110 615 3127 .
670 3060 815 3132 que
869 3031 1273 3148 marginali
1327 3023 1579 3117 brevi,
1636 3029 1885 3118 fusca,
1975 3035 2201 3106 obesa
2260 3052 2336 3106 et
2388 3033 2700 3121 mollia,
2782 3031 3197 3126 subopaca,
3268 3058 3310 3105 e
3363 3037 3479 3106 lu-

667 3189 795 3245 teo
853 3173 1228 3244 brunnea.
1277 3194 1525 3247 nervo
1572 3170 1767 3254 lato,
1822 3169 2249 3265 pallidiori,
2308 3172 2506 3243 ultra
2558 3168 2902 3241 medium
2954 3188 3474 3259 evanescente,
3529 3178 3532 3183 '

669 3334 887 3406 saepe
943 3334 1105 3382 non
1155 3309 1338 3382 satis
1392 3306 1812 3402 conspicuo
1873 3305 1961 3376 in
2006 3305 2385 3401 superiori
2438 3304 2615 3379 folii
2665 3303 2897 3378 facie.
2968 3305 3242 3378 areolis
3294 3309 3510 3380 reti·-

669 3446 819 3516 culi
871 3445 1427 3538 subrotundis,
1460 3422 1748 3545 ubique
1802 3443 2260 3545 aequalibus.
2374 3448 2628 3518 Flores
2669 3443 3065 3530 monoeci,
3122 3443 3208 3515 in
3259 3448 3518 3535 caule·
3633 3502 3644 3515 .

580 3654 583 3657 u
669 3602 746 3655 et
782 3583 1045 3657 ramis.
1140 3590 1475 3662 Masculi
1512 3574 2170 3672 truncato-o'vati,
2222 3582 2447 3657 fusci.
2561 3580 2994 3666 Perichaetii
3024 3576 3241 3683 folia
3288 3585 3479 3662 duo-

670 3722 914 3795 decim
967 3742 1224 3815 ovata,
1297 3724 1765 3815 acuminata,
1823 3721 2148 3797 enervia.
2282 3721 2664 3795 Antherae
2721 3720 3115 3818 copiosae,
3180 3724 3315 3826 sed
3367 3725 3479 3802 ita

666 3862 965 3948 molles,
1021 3842 1111 3933 ut
1162 3864 1439 3959 absque
1489 3862 1829 3937 laesione
1875 3862 2011 3935 vix
2068 3858 2543 3963 evolvantur,
2601 3875 2887 3957 ovatae,
2948 3858 3222 3934 fuscae.
3333 3870 3475 3937 Pa-

660 3997 915 4096 rap313
917 4023 1027 4070 ses
1087 3984 1622 4094 copiosiores,
1682 3998 2017 4072 antheris
2072 3996 2558 4094 longiores,
2606 3976 3043 4085 filiformes,
3130 3999 3470 4076 articulis

658 4134 1129 4232 rotundatis,
1179 4133 1681 4210 lutescentes.
1813 4139 2067 4207 Flores
2100 4127 2420 4234 feminei
2475 4133 2838 4235 oblongi,
2882 4135 3105 4209 acuti.
3246 4144 3473 4214 Folia

660 4269 1036 4341 exteriora
1091 4287 1345 4358 ovata,
1399 4291 1654 4360 acuta,
1711 4246 2079 4343 interiora
2136 4294 2233 4340 ex
2283 4288 2510 4344 ovato
2554 4274 2787 4373 longe
2836 4274 3301 4365 acuminata,
3359 4303 3510 4361 aer

654 4422 828 4484 tate,
866 4402 1828 4500 lanceolam-acuminata,
1899 4407 2123 4486 nervi
2177 4402 2517 4485 basilaris
2575 4412 2896 4509 quadam
2955 4412 3242 4485 umbra.
3355 4416 3472 4484 Pi·
