4290 5372
828 671 980 748 293
1329 677 1344 688 .
1716 628 2067 732 Ηνρηῦηι
2141 656 2305 726 153.
2345 636 2740 731 filiciaum.

957 854 967 861 ·
1046 829 1462 933 specimina
1527 825 1860 928 benigne
1901 827 2124 900 mihi
2192 826 2463 912 missa3
2558 831 2753 899 ‘num
2823 851 3323 923 synonymon
3388 832 3634 929 hypni

1048 971 1255 1043 dubii
1306 966 1631 1042 Turneri
1688 983 1763 1038 et
1813 962 2121 1038 Smithii
2172 965 2324 1035 huc
2380 962 2648 1051 faciat,
2696 964 2977 1038 nescio.

845 1154 850 1157 ’
942 1125 1322 1235 Hypnum
1401 1133 2030 1232 diastrophyllum
2081 1131 2435 1203 ‘surculis
2486 1134 3229 1225 procumbentibus,
3322 1135 3635 1208 ramulis

1045 1268 1525 1364 simplicibus
1585 1266 2110 1363 inaequalibus
2173 1265 2491 1362 sparsis3
2571 1264 2783 1337 foliis
2848 1269 3100 1341 ovatis
3162 1269 3633 1354 acuminatis,

1045 1431 1089 1479 e
1150 1404 1312 1477 basi
1367 1401 1762 1474 imbricata
1818 1426 2141 1497 superne
2200 1401 2587 1474 distortis:
2673 1402 2998 1499 capsulis
3054 1401 3409 1502 oblongis
3465 1380 3640 1475 sub·

1038 1539 1404 1615 incurvis.
1510 1514 1814 1610 swartz.
1871 1562 2105 1609 musc.
2161 1541 2367 1608 Suec.
2420 1561 2492 1631 p.
2554 1511 2711 1625 53.=
3348 1571 3357 1586 ·

941 1735 1040 1804 In
1086 1727 1325 1826 pratis
1376 1724 1588 1812 udis,
1650 1722 1745 1794 ad
1792 1719 2083 1805 fontes,
2138 1720 2472 1804 rivulos3
2545 1722 2640 1791 ad
2682 1747 2905 1818 rupes
2958 1724 3315 1822 irriguas,
3371 1723 3460 1794 in
3513 1720 3641 1794 de·

1049 1863 1371 1962 pressis,
1423 1855 1812 1931 montanis
1862 1871 1937 1924 et
1991 1852 2269 1947 alpinis
2325 1852 2604 1947 ubique
2622 1847 2647 1938 3⁴
2704 1874 2977 1928 aestate
3034 1876 3442 1930 maturum.
3547 1866 3634 1942 u.

1048 2053 1425 2142 Hypnum
1478 2035 1837 2145 diffusum
1890 2039 2114 2112 habet
2164 2038 2351 2110 folia
2405 2060 2567 2108 non
2619 2038 3144 2128 heteromalla,
3199 2041 3635 2137 perichaetii

842 2184 981 2259 vix
1031 2181 1319 2266 striata,
1375 2173 1867 2252 solidinervia
1921 2175 2087 2260 alia,
2138 2169 2297 2245 alia'
2344 2173 2681 2260 enervia,
2739 2176 2871 2246 sed
2918 2177 3062 2248 iste
3113 2153 3396 2250 nervus
3435 2181 3630 2250 latus

841 2334 995 2404 est,
1046 2340 1189 2386 nec
1233 2316 1430 2386 bene
1479 2339 1518 2386 a
1571 2311 1992 2387 substantia
2041 2309 2215 2381 folii
2255 2308 2598 2397 discerni
2647 2287 2924 2405 potest.
3031 2314 3241 2386 Talia
3285 2319 3463 2384 vero
3508 2335 3639 2408 pe-
3748 2293 3755 2300 ⁹

836 2450 1187 2525 richaetii
1244 2449 1527 2521 habent
1580 2447 1808 2519 etiam
1864 2446 2283 2543 specimina
2332 2445 2478 2518 alia
2530 2468 2575 2522 ‚a
2627 2446 3114 2535 Blandowio‚
3176 2475 3218 2521 a
3271 2472 3422 2546 quo
3473 2445 3635 2524 Bri-

840 2584 1094 2660 delius
1144 2575 1502 2683 diff'usum
1553 2583 1883 2677 accepit,
1952 2581 2163 2654 mihi
2215 2578 2486 2666 missa,
2576 2604 2765 2674 quae
2818 2584 3235 2657 certissime
3283 2585 3633 2678 hypnum

827 2688 1213 2827 'silicinum
1277 2734 1458 2792 sunt
1509 2735 1585 2788 et
1638 2716 1853 2794 foliis
1903 2716 2257 2819 secundis
2305 2688 2816 2815 insti-numm.
2952 2725 3045 2790 In
3112 2712 3395 2820 dtffu'so
3443 2716 3637 2791 folia

745 2836 750 2841 ,
840 2881 889 2928 e
944 2854 1250 2926 cordato
1324 2852 1775 2925 tenuissime
1841 2855 2274 2926 acuminata
2340 2868 2557 2939 sunt,
2642 2853 2850 2948 quod
2917 2877 3102 2928 vero
3172 2877 3493 2925 acumen
3546 2854 3637 2923 in

838 2989 1243 3066 communi
1279 2987 1584 3089 filicino
1639 3013 1856 3085 saepe
1899 3015 2073 3063 non
2127 2990 2353 3063 deest.
2461 2994 2851 3062 Caeterum
2906 2988 3340 3063 tomentum
3398 2990 3636 3067 caulis

773 3122 788 3126 ’
823 3098 917 3203 et
971 3124 1392 3200 substantia
1432 3123 1803 3197 foliorum
1854 3125 2256 3223 peculiaris
2317 3115 2578 3225 diffusi
2642 3124 2968 3198 omnino
3036 3110 3406 3199 convenit
3457 3149 3632 3199 cum

822 3260 1150 3368 filicino.
1451 3346 1458 3353 ‚
1515 3346 1520 3351 .
1935 3340 1941 3347 ,
3536 3346 3549 3355 ,

866 3418 878 3425 ·
1046 3395 1341 3468 Habitu
1388 3395 1609 3469 valde
1658 3392 1934 3479 variat3
1995 3390 2082 3463 in
2131 3391 2367 3487 pratis
2422 3391 2802 3467 fertilibus
2847 3392 3022 3465 udis
3066 3396 3313 3466 caules
3361 3396 3638 3490 pinna-

835 3552 990 3615 tos,
1054 3531 1285 3602 dense
1337 3554 1697 3616 ramosos,
1753 3528 2007 3599 lurido
2058 3528 2312 3597 colore
2359 3528 2644 3599 tinctos
2696 3524 2923 3598 habet
2973 3545 3048 3599 et
3091 3546 3258 3600 tum
3306 3555 3635 3602 commu·-

837 3682 1084 3740 latum
1139 3683 1292 3750 est,
1349 3665 1435 3735 in
1486 3665 1721 3760 pratis
1775 3664 2083 3747 macris,
2145 3660 2241 3731 ad
2285 3660 2493 3757 ligna
2545 3661 2887 3755 putrida,
2954 3662 3036 3733 in
3093 3664 3409 3759 rupibus
3468 3632 3637 3736 iri-i-

834 3804 1010 3903 guis
1061 3799 1467 3904 filit-inum.
1614 3798 1906 3870 Habitu
1969 3797 2233 3870 ambae
2294 3795 2579 3890 species
2653 3796 3031 3897 distingui
3095 3801 3315 3872 nullo
3393 3802 3629 3875 modo

826 3926 1179 4035 possunt.
2206 4034 2217 4043 .

905 4061 914 4070 ⁴
1034 4080 1241 4145 Nota
1307 4052 1657 4165 specifica
1702 4066 1989 4170 filie-ini
2054 4058 2445 4142 derivatur
2509 4091 2552 4139 a
2614 4090 2852 4141 nervo
2932 4068 3145 4142 foliis
3228 4074 3623 4162 continuo,

820 4210 953 4281 vel
997 4208 1185 4278 adeo
1235 4222 1664 4300 emergente
1675 4230 1702 4287 ς
1792 4222 1870 4275 et
1915 4184 2191 4276 vserum
2253 4201 2564 4297 quidem
2635 4220 2750 4273 est
2807 4202 2894 4272 in
2953 4224 3419 4281 commutato
3457 4212 3615 4306 ple-

813 4364 1142 4439 rumque
1208 4361 1542 4412 nervum
1593 4360 1857 4411 versus
1910 4338 2753 4432 apicemuaneacere:
2834 4338 2973 4413 sed
3032 4338 3125 4417 in
3176 4342 3349 4441 ipso
3426 4347 3637 4424 caule
