4290 5372
1517 1452 2860 1632 PROOEMIUM

2029 1780 2382 1817 *-

766 1964 964 2051 Non
1008 1981 1209 2048 credo
1260 1964 1411 2050 fore
1459 1988 1577 2074 qui
1623 1989 2002 2073 mirentur,
2046 1988 2265 2053 serius
2299 1988 2476 2053 hane
2511 1983 2978 2073 supplementi
3013 1981 3304 2047 alteram
3345 1977 3596 2043 sectio:-

768 2120 943 2185 nem
990 2101 1303 2189 prodire,
1353 2106 1409 2169 si
1463 2107 1953 2192 cogitaverint,
2001 2107 2234 2194 quales
2282 2103 2525 2172 turBae
2578 2125 2706 2192 per
2747 2104 2873 2169 hos
2910 2113 3207 2190 quatuor
3240 2120 3454 2164 annos
3503 2093 3595 2157 li-

768 2228 1097 2285 terarum
1136 2222 1405 2290 cultum
1442 2224 1934 2314 impediverint
1968 2241 2037 2294 et
2083 2247 2290 2313 quam
2323 2225 2653 2290 diuturna
2696 2224 2784 2287 sit
2817 2242 3112 2307 operum
3148 2212 3456 2279 iconibus
3483 2211 3597 2294 pi·-

774 2335 906 2401 ctis
937 2336 1510 2407 instruendorum
1545 2344 1774 2410 editio.
1863 2346 2173 2416 Accedit,
2221 2343 2404 2423 qttod
2434 2344 2580 2422 ipse
2614 2336 2798 2398 haud
2823 2334 3146 2417 exiguam
3182 2332 3384 2394 huius
3419 2340 3596 2390 tem-

770 2455 971 2540 poris
1005 2467 1284 2540 partem
1316 2478 1353 2515 a
1389 2455 1617 2538 patria
1649 2466 2004 2541 separatus
2034 2457 2156 2522 fui.
2248 2457 2445 2520 Haec
2482 2475 2644 2520 vero
2681 2452 2984 2515 absentia
3029 2450 3411 2515 uberrimos
3444 2458 3594 2509 stu-

777 2569 908 2631 diis
940 2567 1111 2631 meis
1147 2565 1415 2633 fructus
1448 2572 1763 2656 protulit.
1854 2570 2045 2641 Dum
2078 2576 2267 2641 enim
2305 2574 2582 2640 Parisiis
2619 2571 2959 2649 versabas,
3006 2569 3089 2633 ab
3129 2568 3447 2633 omnibus
3485 2566 3593 2628 in·-

779 2685 946 2756 colis
980 2684 1124 2751 eius
1160 2684 1561 2771 splendidae
1603 2693 1825 2773 urbis,
1875 2694 1961 2758 ad
2010 2718 2182 2781 quos
2232 2693 2551 2781 perveni,
2597 2693 2695 2756 ita
2731 2713 2884 2755 sum
2920 2700 3287 2775 exceptus,
3335 2697 3414 2750 ut
3452 2708 3590 2749 non

778 2805 1229 2892 peregrinus,
1277 2805 1396 2868 sed
1440 2829 1601 2871 cum
1650 2809 1788 2874 illis
1826 2812 2074 2900 longae
2114 2812 2627 2879 consuetudinis
2667 2810 3063 2874 dulcissimo
3101 2805 3379 2916 vinculo
3426 2826 3593 2867 con-

778 2925 1061 2990 iunctus
1103 2922 1276 2990 mihi
1313 2923 1606 3004 viderer,
1661 2952 1795 3017 qua
1852 2932 2132 3016 quidem
2161 2954 2304 2997 non
2347 2930 2570 2995 solum
2596 2929 2988 2993 urbanitate
3017 2927 3135 2991 sed
3175 2926 3312 2992 fida
3349 2937 3417 2990 et
3453 2922 3596 2987 efli-

781 3042 933 3107 caci
970 3043 1431 3130 propensione
1477 3040 1576 3107 ita
1619 3066 1782 3134 erga
1820 3071 1933 3114 me
1980 3074 2217 3115 onmes
2265 3051 2374 3114 usi
2415 3059 2605 3125 sunt,
2651 3057 2731 3109 ut
2772 3047 2885 3110 cui
2923 3066 3033 3109 me
3076 3068 3242 3133 prae
3280 3044 3429 3109 aliis
3473 3044 3599 3108 ob-

781 3160 1109 3224 strictum
1140 3161 1494 3247 profitear,
1544 3167 1826 3234 omnino
1856 3169 2184 3246 nesciam,
2230 3178 2318 3246 et,
2365 3169 2421 3231 si
2461 3165 2743 3229 illorum
2776 3166 3082 3228 virorum
3113 3164 3395 3227 nomina
3428 3185 3600 3228 enu-

776 3277 1123 3343 meranda
1174 3279 1338 3359 sint,
1417 3305 1625 3369 quem
1673 3287 1904 3371 primo
1950 3288 2107 3350 loco
2151 3285 2541 3363 nominem,
2621 3305 2904 3369 prorsus
2954 3282 3198 3347 dubius
3250 3281 3597 3348 haeream.

785 3396 1027 3476 Quare
1058 3396 1231 3460 nihil
1252 3400 1426 3465 mihi
1461 3403 1831 3488 superfuit,
1882 3425 2092 3491 quam
2123 3414 2205 3469 ut
2243 3424 2510 3468 summa
2542 3401 2882 3500 industria
2903 3401 2990 3465 ad
3019 3401 3151 3467 hoc
3186 3426 3358 3489 opus
3392 3404 3604 3490 bryo-

780 3514 1097 3600 logicum
1124 3515 1507 3583 adhibenda
1543 3541 1655 3585 me
1682 3544 1944 3601 eorum,
1990 3546 2170 3610 quae
2206 3523 2376 3588 mihi
2409 3543 2568 3586 rara
2591 3520 3005 3587 liberalitate
3031 3521 3134 3584 illi
3169 3521 3604 3605 tradiderint,

783 3654 1036 3699 curam
1064 3633 1381 3702 habuisse
1403 3686 1421 3718 ,
1466 3661 1607 3707 non
1647 3642 1873 3705 solum
1909 3642 2077 3728 ipsis
2110 3639 2516 3729 probarem,
2565 3640 2680 3705 scd
2724 3660 2971 3724 operae
3002 3637 3207 3702 huius
3252 3640 3604 3726 diligentia

785 3751 1023 3816 officio
1043 3753 1226 3838 grati
1255 3755 1466 3821 animi
1500 3759 1731 3846 aliqua
1759 3760 2004 3825 saltem
2038 3760 2309 3824 ratione
2352 3755 2759 3821 satisfecisse
2806 3756 3177 3821 studerem.
3270 3758 3402 3823 Sed
3448 3762 3603 3848 pari

785 3892 1072 3958 quoque
1113 3883 1183 3934 et
1220 3872 1592 3963 antiquiori
1637 3878 1971 3966 religione
2010 3877 2304 3942 tenebar
2342 3899 2500 3961 erga
2541 3875 2944 3962 plantarum
2984 3887 3439 3958 scrutatores,
3486 3884 3605 3964 qui

779 3987 1108 4055 boreales
1159 3999 1376 4055 terras
1421 3994 1770 4080 incolunt,
1823 4011 1895 4065 et
1933 3997 2305 4063 recentiori
2353 3994 2630 4082 quidem
2680 3977 2844 4079 erga
2871 3993 3291 4074 Bridelium,
3334 3997 3452 4082 qui
3497 4001 3608 4063 vel

782 4105 1005 4171 unica
1045 4106 1419 4193 specimina
1468 4114 1899 4200 plantarum,
1978 4138 2020 4183 a
2065 4136 2135 4179 se
2183 4111 2412 4203 primo
2466 4111 2975 4198 descriptarum
3020 4107 3088 4177 et
3136 4112 3608 4200 Hedwigianis

787 4222 1127 4309 operibus
1161 4224 1728 4319 inserendarum,
1773 4236 1950 4306 mihi
1978 4234 2344 4304 commisit.
