4290 5372
754 609 867 665 20
909 530 916 535 -
1646 580 2183 650 Orthotrichum
2238 593 2309 668 4.
2352 577 2589 668 qffinu.

867 779 957 854 Ο.
1011 798 1059 845 a
1050 760 1272 869 ffine,
1325 763 1539 851 foliis
1585 766 2039 855 lanceolatis,
2083 765 2428 864 margine
2488 738 2837 841 revoluto
2854 803 2883 821 ·
2897 761 3210 862 patulis.
3267 766 3572 860 capsula

791 882 800 889 ²
979 908 1316 1003 oblonga
1369 902 1651 991 striata,
1706 902 2136 1001 peristomii
2196 902 2553 987 dentibus
2625 899 2955 974 internis
3038 915 3215 970 octo
3279 900 3581 995 capilla-

986 1042 1162 1132 ceis.
1269 1008 1560 1117 Schrad.
1617 1040 1954 1137 spicileg.
2010 1037 2176 1112 flor.
2244 1047 2589 1121 German.
2657 1064 2731 1134 p.
2790 1041 2915 1125 67.
2982 1034 3186 1119 Brid.
3257 1037 3575 1149 muscol.

986 1178 1232 1274 suppl.
1288 1181 1379 1247 11.
1434 1201 1507 1271 p.
1563 1197 1629 1264 7.
1684 1177 1993 1262 excluso
2042 1199 2489 1270 synonymo
2548 1178 2903 1273 rupestris
2970 1188 3049 1249 et
3092 1169 3293 1246 forte
3346 1169 3581 1247 etiam

985 1318 1254 1415 pumili
1305 1310 1670 1397 schleich.
1712 1385 1721 1395 ,

809 1474 971 1560 30
1000 1480 1649 1581 heterophyllum5
1698 1483 2018 1557 surculis
2065 1481 2423 1582 plurimis
2458 1506 2502 1555 e
2555 1480 2808 1555 radice
2838 1477 3259 1565 communi,
3316 1474 3581 1549 erectis

990 1616 1506 1713 simplicibus3
1567 1614 1778 1690 foliis
1827 1619 2184 1717 oblongis
2233 1618 2554 1706 obtusis,
2604 1617 3121 1715 superioribus
3161 1613 3381 1685 flores
3419 1609 3575 1681 cin·

987 1753 1368 1853 gentibus,
1422 1753 1885 1842 lanceolatis,
1946 1754 2034 1827 in
2095 1755 2348 1853 pilum
2409 1758 2736 1853 longum
2808 1750 3376 1833 desinentibus-‚3
3445 1744 3586 1817 flo-

984 1890 1201 1963 ribus
1250 1888 1782 1963 terminalibus
1853 1892 2397 1966 subimmersis.
2521 1888 2810 1962 Palisot
2866 1889 3226 1985 Aetheog.
3301 1911 3375 1982 p.
3426 1879 3585 1971 3οὲ

990 2026 1146 2097 Sub
1190 2026 1340 2096 hoc
1385 2024 1712 2098 nomine
1774 2027 2027 2123 accepi
2086 2028 2495 2125 caespitem
2547 2023 3014 2100 Orthotrichi
3062 2013 3315 2120 affinis
3355 2020 3587 2093 inter·

991 2159 1246 2234 mixto
1299 2162 1634 2257 quodam
1666 2161 1976 2234 dicrano
2030 2180 2165 2237 aut
2210 2162 2577 2237 Grimmia
2635 2180 2892 2236 ovata.

888 2327 1220 2400 “Weissia
1276 2324 1842 2420 octobleplmris,
1902 2330 2112 2393 caule
2164 2329 2438 2413 diviso,
2495 2332 2707 2399 foliis
2743 2321 3590 2433 oblongo-lanceolatis

997 2457 1320 2530 obtusis·
1353 2455 1707 2527 concavis
1773 2455 2162 2543 carinatis‘,
2239 2460 2563 2555 capsulis
2631 2461 3203 2541 subsessilibus,
3264 2455 3584 2550 peristo-

993 2593 1156 2667 mio
1212 2608 1525 2669 externo
1581 2607 1658 2663 et
1697 2589 2009 2666 interno
2066 2593 2637 2665 octo-dentato.
2744 2592 2969 2664 Roth.
3020 2588 3183 2661 flor.
3240 2594 3585 2662 German.
3627 2595 3636 2603 ’
3710 2602 3720 2629 '

995 2735 1126 2802 111.
1183 2754 1255 2824 Ρ.
1311 2747 1481 2815 238.

898 2902 993 2969 In
1039 2897 1395 2974 arborum
1453 2897 1744 2971 truncis
1800 2916 1880 2970 et
1931 2898 2025 2971 acl
2091 2921 2371 2972 asseres
2440 2883 2955 2995 putrescentes
2999 2902 3374 3004 ,Europae
3424 2896 3593 2971 vul-

994 3032 1516 3134 gatissimnm3
1575 3059 1751 3107 vere
1799 3034 2226 3108 fructificat.
2282 3043 2371 3121 u.
2929 3020 2945 3032 ⁰

1053 3201 1326 3298 Radix,
1365 3200 1759 3297 capillacea
1814 3223 1947 3281 aut
1991 3204 2594 3291 subtementosa,
2651 3203 2737 3275 in
2792 3205 3087 3278 caulem
3150 3202 3399 3275 imum
3458 3224 3587 3296 pa·

790 3360 966 3411 rum
1029 3335 1461 3409 ascendens.
1583 3347 1846 3415 Caules
1880 3342 1966 3414 in
2004 3340 2457 3439 pulvinulos
2492 3339 2859 3438 congesti,
2897 3339 3126 3414 erecti
3170 3341 3297 3410 vel
3337 3360 3589 3409 ascen-

799 3474 1088 3559 dentes,
1143 3471 1466 3560 ramosi,
1536 3469 1924 3572 fastigiati.
2038 3480 2254 3565 Folia
2329 3475 2582 3559 densa,
2653 3474 3330 3567 erecto-patentia,
3399 3472 3589 3543 lato·

792 3577 1232 3694 lanceolata,
1289 3624 1525 3712 acuta,
1577 3608 1926 3695 carinam,
1982 3607 2329 3713 margine
2371 3610 2736 3693 revoluta,
2804 3607 3015 3705 apice
3066 3631 3297 3696 erosa,
3354 3633 3592 3704 quan·

793 3745 1045 3840 doque
1089 3741 1593 3842 integerrima,
1648 3744 1829 3817 stria
1884 3768 2036 3818 una
2095 3747 2221 3818 vel
2277 3743 2503 3818 altera
2562 3743 2856 3817 laterali
2890 3760 3186 3830 notata,
3263 3767 3584 3816 amoene

794 3880 1111 3954 viridia:
1155 3902 1395 3954 nervo
1441 3902 1724 3964 crasse,
1797 3877 1996 3950 infra
2055 3879 2349 3975 apicem
2406 3896 2932 3967 evanescente,
3001 3845 3394 3953 concolori
3456 3896 3588 3951 aut

793 4015 1258 4098 latescentez
1308 4013 1610 4090 reticuli
1663 4009 1934 4086 are'olis
1997 4013 2525 4105 circularibus,
2598 4016 2962 4092 discretis.
3091 4019 3344 4088 Floras
3389 4041 3585 4090 mas·

797 4153 946 4225 culi
995 4149 1080 4223 in
1135 4148 1402 4224 eodem
1455 4172 1631 4223 cum
1669 4147 2046 4238 femineo,
2118 4167 2265 4255 aut¹
2294 4168 2632 4250 separato
2705 4149 2994 4225 minori
3062 4149 3272 4223 caule
3326 4149 3584 4224 axilla-

798 4309 940 4377 res,
995 4286 1225 4376 ovati,
1277 4285 1741 4388 pallidiores,
1853 4287 2076 4372 Folia
2112 4287 2550 4386 petichaaetii
2596 4277 2819 4369 ovata
2872 4282 3367 4378 acutiuscula,
3412 4312 3578 4361 cau-
