4290 5372
740 610 844 680 ια’
1605 600 2139 670 Orthotrichum
2204 617 2268 684 5.
2315 599 2703 693 pumilum,

875 902 888 911 ⁷
951 792 1344 887 augunv.
1450 784 2216 911 Fig.13.calyptra,
2283 785 2409 889 fig.
2472 803 2585 880 14.
2652 788 2867 907 theca
2930 810 3106 863 cum
3172 789 3534 887 operculo

950 950 1196 1024 augm,
1266 930 1323 996 Ι.
2288 944 2295 947 ·
3026 932 3029 935 ’
3362 938 3369 953 ’

754 1116 823 1188 5.
876 1117 1310 1191 Romnum,
1357 1060 1819 1191 'peristomio
1878 1091 2186 1166 interno
2244 1093 2829 1177 octo-dentato,
2896 1092 3110 1162 theca
3180 1089 3535 1164 immersa

947 1233 1230 1305 sulcata
1253 1284 1282 1316 „
1335 1218 1592 1349 -foliis
1651 1245 1881 1335 ovat—0
1899 1229 2385 1315 -lanceolatis
2461 1230 2739 1317 acutis,
2827 1228 3161 1328 calyptra
3262 1224 3534 1326 glabra.

947 1369 1126 1441 Tab.
1179 1373 1264 1439 L.
1354 1400 1357 1405 ·

847 1543 937 1615 Ο.
991 1538 1359 1636 pumilum
1428 1530 1642 1608 foliis
1709 1536 2374 1637 lato-lanceolatis
2445 1536 2685 1611 acutis
2752 1532 3096 1630 margine
3165 1486 3561 1619 revolutisj

943 1671 1269 1787 patulis,
1354 1670 1678 1768 capsulis
1758 1671 2198 1764 cylindricis
2265 1671 2840 1756 subsessilibuS‚
2909 1667 3537 1764 peristomiorum

945 1807 1301 1885 dentibus
1356 1825 1530 1879 octo
1587 1806 1899 1896 albidis,
1937 1848 1940 1851 ·
1985 1810 2315 1908 calyptra
2380 1808 2592 1882 nuda
2659 1813 2945 1883 Swartz
3020 1828 3253 1877 muse.
3326 1810 3534 1877 Suec.

943 1972 1022 2043 p.
1076 1961 1197 2035 42.
1256 1967 1346 2039 92
1367 1939 1432 2014 *.
1488 1958 1542 2013 t.
1590 1957 1662 2033 4.

837 2115 1128 2190 crescit
1177 2112 1272 2184 ad
1319 2110 1639 2185 salicum
1689 2112 2030 2201 coi-tices,
2080 2110 2173 2182 in
2232 2115 2540 2210 Europa
2609 2111 2866 2188 media
2918 2129 2992 2185 et
3041 2107 3352 2198 boreali,
3415 2130 3544 2186 ve·

902 2274 1030 2324 re
1082 2245 1584 2319 fructiferum.
1619 2253 1725 2329 u.

873 2400 884 2500 2
999 2415 1256 2515 Radix
1311 2408 1731 2504 capillacea,
1785 2406 2152 2480 basilaris.
2275 2417 2530 2483 Caulis
2576 2413 2819 2486 lineas
2864 2432 3191 2509 quatuor
3239 2430 3370 2485 aut
3422 2412 3548 2483 de-

746 2579 916 2633 cem
973 2549 1194 2633 altus,
1255 2532 1474 2640 parce
1548 2563 1932 2627 ramosuS,
2006 2539 2620 2640 subfastigiatus,
2696 2528 3197 2661 fmngineus.
3328 2534 3591 2615 Folia¹

739 2688 1183 2778 lanceolata,
1249 2695 1486 2764 acuta,
1545 2676 1754 2773 apice
1809 2675 1982 2748 sub·
1956 2701 2241 2767 -erosa‚
2318 2677 2662 2777 margine
2727 2656 3109 2798 revolnta,
3185 2676 3540 2768 carinata,

740 2826 1104 2930 lateribus
1160 2812 1666 2899 subbistriata,
1719 2809 2029 2882 madore
2079 2813 2361 2907 patula,
2422 2814 2763 2938 siccitate
2798 2836 3166 2909 appressa,
3226 2834 3548 2884 amoene

739 2960 1058 3044 viridia.
1126 2973 1364 3023 nervo
1416 2946 1673 3022 valido
1734 2917 2154 3035 concolori,
2215 2948 2357 3020 sub
2412 2951 2623 3047 apice
2676 2967 3203 3025 evanescentez
3272 2949 3555 3021 retica-⁴

741 3107 827 3180 10
881 3108 1416 3192 congenerum.
1528 3086 1782 3155 Flores
1824 3086 2134 3156 masculi
2186 3083 2273 3155 in
2328 3085 2538 3179 apice
2591 3105 2664 3158 et
2713 3088 2946 3161 latere
2997 3084 3234 3158 caulis
3289 3101 3362 3156 et
3392 3108 3549 3157 sae·

744 3259 844 3337 pe
889 3251 1095 3328 pone
1147 3221 1525 3296 femineos
1582 3218 1812 3305 ovati,
1862 3199 2185 3290 caulinis
2237 3216 2452 3292 foliis
2500 3221 2925 3318 quadruplo
2956 3220 3319 3310 minores,
3375 3243 3552 3294 ova·
3610 3245 3615 3252 ⁴

744 3371 839 3458 ti,
889 3359 1104 3446 lutei,
1165 3354 1421 3428 nitidi.
1578 3358 1795 3426 Folia
1861 3351 2289 3449 perichaetii
2349 3374 2675 3452 quatuor
2740 3377 2998 3448 ovata,
3072 3358 3547 3443 lutescentia,

757 3499 1088 3584 enervia,
1145 3491 1523 3565 extimum
1575 3487 2020 3600 seminet-ve.
2125 3490 2506 3566 Antherae
2535 3513 2862 3589 quatuor
2912 3495 3344 3583 subovatae,
3382 3494 3554 3568 sub-

759 3635 1083 3717 sessiles,
1137 3630 1598 3699 latescentes
1666 3623 1754 3695 in
1820 3623 1990 3719 ipso
2058 3641 2334 3724 vegeto
2396 3643 2617 3701 statu.
2745 3613 3216 3734 Paraphyses
3275 3634 3551 3705 nullae.

760 3783 960 3850 cave
1025 3789 1128 3839 ne
1203 3763 1677 3833 ramulorum
1756 3743 2192 3846 tndimenta
2258 3788 2401 3859 pro
2470 3764 2783 3843 floribus
2857 3769 3189 3842 dirimas.
3336 3773 3555 3842 Folia

760 3905 1192 4016 perichaetii
1235 3895 1554 4002 feminei
1599 3896 1919 3969 caulinis
1974 3898 2280 3990 similia,
2336 3903 2470 3974 sed
2537 3923 2778 3979 erecta
2834 3920 2908 3977 et
2962 3927 3315 3979 concava.
3437 3910 3557 3977 Pi·

764 4050 968 4125 stilla
1020 4061 1277 4137 pauca.
1393 4034 1863 4135 Paraphyses
1910 4035 2193 4110 nullae.
2343 4022 3266 4136 Vaginula‘brevissima,
3329 4041 3558 4113 lenti-

766 4149 1063 4288 calaris,
1120 4192 1251 4248 aut
1296 4169 1742 4244 brevissime
1795 4149 2230 4263 cylindrica,
2283 4172 2645 4244 brunnea.
2757 4179 2934 4248 Seta
2982 4174 3269 4247 lineam
3295 4176 3550 4275 longa,

769 4340 1034 4395 crassa.
1156 4312 1397 4385 Theca
1449 4310 1838 4410 oblongo·
1860 4324 2118 4399 ovata,
2193 4310 2458 4388 baseos
2510 4308 2762 4436 inanis
2812 4335 2983 4409 pars
3038 4311 3555 4414 sporangidio,
