4290 5372
1254 678 1745 773 'Pogytriclzum
1791 701 1927 780 ‘no-
1982 680 2418 751 dendroides.
2490 704 2613 754 21.
2667 644 2925 754 torti‘le.
3098 644 3121 662 r
3347 702 3491 773 327

783 881 873 946 In
927 868 1104 943 freti
1160 866 1651 966 Magellanici
1704 865 1955 954 silvis,
2014 894 2205 964 quae
2259 869 2556 965 alpibus
2611 870 2967 956 subsunt,
3034 870 3215 943 Baie
3261 877 3488 948 Fran·

886 1008 1082 1102 qaise
1135 1023 1209 1078 et
1252 1011 1431 1076 Port
1475 1004 1746 1076 Galant
1799 1021 1873 1073 et
1917 1003 2004 1074 in
2035 1004 2332 1098 .Dusky
2378 1012 2538 1098 Bay
2570 1012 2840 1078 Novae
2872 1002 3331 1078 Seelandiae.
3393 1016 3484 1094 u.

896 1178 1147 1247 Caulis
1198 1173 1509 1268 pedalis,
1565 1172 1727 1245 basi
1779 1173 1865 1244 in
1923 1172 2308 1270 quendam
2352 1174 2569 1267 quasi
2621 1174 2945 1246 bulbum
2997 1146 3479 1264 incrassatuS,

679 1303 1106 1410 angulatus,
1164 1308 1446 1395 fuscus,
1496 1306 1776 1395 nitens,
1832 1310 2162 1381 maxima
2205 1324 2416 1403 parte
2470 1335 2509 1380 a
2554 1309 2720 1381 basi
2770 1312 3064 1397 calvus;
3117 1310 3327 1405 apice
3373 1336 3490 1384 ra-

682 1472 855 1522 mos
905 1450 1156 1542 plures
1213 1443 1595 1539 simplices
1656 1459 1787 1513 aut
1833 1469 2196 1531 ramosos,
2253 1442 2713 1542 biunciales‚⁹
2758 1443 2846 1515 in
2899 1445 3228 1540 speciem
3277 1450 3491 1521 arbo-

682 1608 851 1657 reae
900 1592 1161 1653 comae
1201 1578 1377 1651 edit.
1491 1582 1708 1649 Folia
1760 1578 2013 1665 densa,
2065 1578 2549 1676 evaginante
2583 1580 3195 1673 semicylindrica
3230 1601 3305 1681 et
3328 1586 3495 1656 bre-

684 1721 766 1792 vi
820 1718 986 1789 basi
1046 1730 1470 1821 contracta,
1556 1708 1910 1800 linearia,
2002 1715 2578 1813 angustissima,
2688 1716 3219 1807 canaliculata,
3300 1747 3494 1795 mar-

684 1855 983 1955 ginibus
1036 1868 1111 1922 et
1146 1850 1376 1921 dorso
1424 1863 1720 1934 serrata,
1776 1848 2113 1921 siccitate
2147 1852 2439 1923 tortilia
2484 1856 2609 1942 (ut
2644 1854 3101 1924 Bartramiae
3141 1860 3487 1950 crispae),

694 2017 733 2064 e
794 1992 1139 2060 brunneo
1196 1982 1450 2070 fusca,
1510 1982 1846 2054 siccitate
1897 1985 2156 2085 nigra:
2209 2013 2448 2061 nervo
2507 2005 2753 2060 totam
2800 1986 2957 2059 fere
3008 1987 3183 2059 folii
3233 1992 3492 2062 latitu-

692 2126 953 2198 dinem
1002 2122 1377 2217 replente,
1457 2119 1919 2194 obscuriori:
2007 2122 2430 2197 substantia
2503 2124 2810 2196 caeteris
2880 2123 3336 2220 polytrichis
3386 2144 3496 2198 te·

687 2260 949 2335 nuiori
1018 2277 1092 2329 et
1152 2255 1393 2353 magis
1465 2274 1875 2350 compacta.
2019 2263 2236 2331 Folia
2286 2261 2715 2355 perichaetii
2777 2248 3096 2330 feminei
3170 2262 3495 2334 caulinis

691 2398 992 2472 similia.
1139 2396 1532 2490 Vaginula
1600 2392 1847 2464 brevis
1865 2446 1886 2479 ,
1967 2394 2104 2466 vix
2169 2392 2345 2465 folii
2442 2394 2606 2468 basi
2681 2393 3094 2492 vaginante
3155 2397 3494 2496 longior,

691 2550 928 2616 arcta,
984 2527 1435 2624 ferruginea.
1547 2533 1728 2599 Seta
1779 2529 2147 2616 uncialis,
2208 2528 2575 2604 brunnea.

690 2711 820 2793 21.
877 2740 1282 2801 rourum,
1341 2713 1666 2809 simplex
1719 2716 2112 2814 glabrum,
2171 2715 2384 2788 foliis
2440 2715 2828 2789 tortilibus
2876 2717 3281 2804 serrulafis,
3336 2721 3497 2793 the·

898 2835 1132 2948 caque
1179 2869 1400 2925 ovata
1451 2853 1736 2926 sulcata
1786 2852 2342 2927 scabriusculis.
2447 2858 2730 2925 Swartz
2778 2852 2943 2929 flor.
2996 2855 3163 2926 Ind.
3217 2879 3371 2926 occ.
3410 2837 3496 2940 ’3.

896 3017 970 3086 Ρ·
1031 3011 1252 3083 ¹839·

794 3150 872 3217 P.
925 3145 1411 3216 convolutum
1452 3138 1664 3234 Spec.
1717 3163 1953 3213 muse.
2004 3165 2082 3235 p.
2132 3155 2250 3233 94.
2304 3156 2362 3210 t.
2415 3163 2534 3214 20.
2584 3137 2636 3209 f.
2694 3160 2936 3226 3—-5,
2995 3141 3320 3215 exclusis
3376 3165 3499 3234 sy·

894 3276 1270 3370 nonymis
1322 3273 1746 3345 Linnaei.*

703 3409 710 3414 ·
799 3437 880 3506 Ρ.
940 3427 1506 3527 Dominghense
1555 3413 1832 3500 ¹trunco
1890 3426 2370 3524 subsimplici
2427 3426 2804 3525 elongato,
2860 3424 3074 3503 foliis
3127 3433 3500 3530 oblongo-

701 3543 710 3550 ·
869 3563 1348 3661 ‘lanceolatis
1408 3564 1753 3661 margine
1811 3565 2199 3638 serrulatis
2250 3551 2652 3660 carinaque
2709 3565 3194 3641 denticulatis
3247 3568 3500 3664 planis

902 3703 1237 3777 siccitate
1310 3679 1866 3787 subcontortis,
1951 3697 2466 3794 perichaetiali
2534 3697 2833 3771 interne
2903 3702 2991 3774 in
3061 3705 3503 3799 cylindrum

908 3841 1363 3922 convoluto,
1445 3838 1792 3931 capsulae
1840 3835 2370 3906 erectiusculae
2421 3834 2582 3906 basi
2637 3854 3063 3911 attenuatae
3114 3841 3500 3930 subcylin‘-

907 3975 1155 4047 ‹li-icae
1188 3971 1681 4045 muriculatae
1713 3974 2073 4066 operculo
2109 3994 2454 4046 convexo
2474 3953 2500 4029 ζ
2520 3974 2976 4048 acuminato.
3024 3976 3228 4048 Brid.
3252 3976 3499 4072 suppl.

911 4135 981 4183 Ω.
1036 4138 1108 4205 p.
1167 4132 1283 4199 75.
2792 4229 2805 4240 ῃ
3026 4097 3033 4104 ”
3305 4089 3313 4104 ’

809 4270 902 4337 In
960 4263 1214 4334 insula
1263 4262 1584 4336 Iamaica
1634 4263 1719 4334 in
1775 4257 2003 4334 fossis
2058 4261 2331 4337 macris
2393 4264 2769 4364 argillosis
2823 4270 3216 4346 montium
3268 4262 3502 4342 excel-

914 4424 1215 4488 sorum,
1285 4397 1371 4472 in
1426 4399 1827 4499 Domingo
1883 4416 1958 4472 et
2009 4397 2259 4474 insula
2313 4403 2685 4480 Franciae.
2789 4416 2881 4495 u.
