4290 5372
772 624 922 693 230
1681 600 2031 697 Hypmim
2093 623 2211 693 58.
2266 611 2676 700 oxycladon.

653 801 667 812 ‘
776 816 896 885 53.
957 815 1491 875 oxrcmmox,
1580 814 1919 886 repensa·
1960 796 2192 869 ramis
2264 799 2746 900 simplicibus
2819 813 3271 911 cuspidatis,
3370 815 3584 897 foliis

981 928 1268 1006 strictis
1321 915 1789 1034 lanceolam-
1818 931 2271 1011 acuminatis
2324 941 2897 1048 ruptinervibus
2949 952 3317 1029 histriatis
3376 960 3586 1033 albo·

979 1064 1377 1143 viridibus.
3246 1072 3252 1077 ⁸

875 1243 1251 1338 Hypnum
1308 1238 1741 1338 oxya-ladon
1795 1240 2006 1311 caule
2052 1249 2611 1337 procumbente
2659 1276 2850 1353 vage
2892 1229 3429 1360 pinnatimque
3475 1292 3590 1342 ra·-

981 1395 1228 1460 moso,
1277 1373 1507 1447 ramis
1556 1375 2329 1469 tereti-acutissimis,
2382 1383 2599 1461 foliis
2658 1389 2890 1466 dense
2937 1397 3374 1491 imbricatis,
3411 1429 3592 1478 ova-

982 1509 1572 1584 to-lanceolatis
1641 1512 2094 1587 acuminatis
2179 1519 2671 1615 ductulorum
2738 1529 3104 1606 fasciculo
3176 1539 3314 1610 sub
3380 1540 3590 1634 apice

975 1648 1341 1720 serrulato
1402 1649 1765 1738 evanido,
1856 1653 2159 1747 capsula
2219 1664 2516 1734 arcuata
2573 1670 2868 1741 cernua.
2999 1672 3205 1745 Brid.
3265 1675 3580 1752 muscoIL

984 1784 1235 1879 suppl.
1292 1808 1362 1856 2.
1411 1809 1487 1883 p.
1558 1805 1722 1872 123.

870 1956 967 2026 In
1018 1953 1547 2028 Pensilvaniae
1592 1958 1913 2054 rupibus
1958 1959 2150 2058 legit
2204 1964 2737 2073 Miihlenberg.
2809 1985 2897 2064 u.

892 2135 902 2142 ’
982 2147 1240 2216 Radix
1290 2169 1426 2240 per
1481 2147 1775 2218 caulem
1829 2171 2116 2242 sparsa,
2173 2168 2629 2232 tomentosa.
2759 2169 3014 2239 Caulis
3063 2151 3370 2266 repens,
3429 2166 3586 2240 fru-

774 2275 996 2350 ctifer
1057 2277 1649 2376 sesquiuncialis
1709 2284 1941 2358 ramis
1999 2284 2463 2364 subramosis
2476 2320 2501 2379 3
2573 2298 2852 2374 sterilis
2907 2297 3311 2378 bi'uncialis
3363 2305 3591 2378 ramis

731 2397 1248 2509 'simplicibus
1319 2415 1579 2487 erectis
1636 2418 2004 2508 curvatiS,
2091 2425 2455 2500 omnibus
2510 2430 2847 2509 siccitate
2896 2466 3032 2536 per
3082 2442 3271 2516 folia
3325 2441 3590 2515 conni-

765 2550 1030 2622 ventia
1084 2553 1486 2639 teret-ibus,
1545 2553 1979 2649 cuspidatis.
2095 2565 2315 2635 Folia
2371 2589 2662 2672 sparsa,
2726 2573 2991 2665 densa,
3049 2580 3389 2654 siccitate
3427 2580 3587 2653 ,im-

766 2685 1073 2775 bricata,
1130 2690 1440 2763 madore
1496 2690 1777 2778 stricta,
1837 2716 1878 2764 e
1928 2695 2576 2778 lato-lanceolam
2632 2713 3077 2803 acuminata,
3135 2718 3348 2814 apice
3402 2718 3587 2792 den-

740 2822 1079 2896 ·ticulata
1125 2827 1251 2897 vel
1315 2826 1984 2941 subintegerrima,
2078 2834 2260 2909 stria
2328 2839 2423 2910 ad
2475 2854 3363 2952 utrumquepmarginem
3418 2882 3587 2930 ver-

768 2982 894 3033 sus
926 2985 1243 3033 acumen
1276 2980 1790 3052 evanescente,
1847 2953 2402 3047 albo-viridia:
2455 3002 2694 3054 nervo
2754 2985 2848 3056 ad
2877 2989 3195 3061 acumen
3228 2993 3581 3089 oblitera-

772 3112 904 3182 to,
969 3096 1242 3184 debili,
1297 3099 1726 3173 concolori:
1782 3102 2053 3174 areolis
2107 3105 2414 3179 reticuli
2463 3113 2835 3215 elongatis
2876 3121 2961 3193 in
3012 3123 3174 3198 basi
3205 3126 3378 3200 folii
3419 3130 3576 3205 bre-

762 3230 1135 3305 vioribus.
1251 3238 1506 3307 Flores
1538 3239 1899 3311 monoeci
1930 3242 2057 3314 vel
2089 3240 2362 3334 dioeci,
2419 3246 2508 3321 in
2544 3255 2753 3326 caule
2806 3275 2882 3329 et
2931 3262 3199 3337 ramisz
3256 3262 3576 3344 masculi

764 3369 1125 3467 oblongi,
1181 3369 1655 3442 lutescentes.
1769 3381 1986 3448 Folia
2038 3379 2471 3471 perichaetii
2524 3387 2934 3465 duodecim
2991 3408 3573 3479 ovato-acumi-

762 3522 964 3591 nata,
1018 3504 1385 3577 interiora
1430 3506 1806 3605 longiora,
1863 3511 2188 3599 enervia,
2242 3515 2773 3616 integerrima:
2858 3533 3238 3612 Antherae
3283 3540 3566 3634 decem,

740 3656 1075 3732 ovatae,
1139 3641 1522 3739 turgidae,
1578 3643 1890 3717 luridae.
2018 3652 2496 3752 Paraphyses
2546 3658 2986 3755 filiformes,
3053 3670 3383 3748 antheris
3436 3680 3573 3750 du-

755 3777 890 3873 plo
947 3774 1104 3848 fere
1155 3776 1568 3875 longiores.
1654 3784 1928 3880 ‘Floris
1962 3779 2283 3884 feminei
2334 3785 2525 3866 folia
2581 3804 3321 3898 ovato-lanceolata,
3381 3812 3575 3887 inte-

724 3913 953 3995 ,riora
1018 3915 1971 4013 lanceolam-acuminata,
2058 3946 2300 3998 nervo
2374 3928 2710 4004 breviori
2778 3963 3008 4033 quam
3073 3947 3160 4018 in
3233 3951 3571 4026 caulinis.

759 4050 1133 4123 Genitalia
1190 4068 1265 4123 et
1316 4050 1788 4150 paraphyses
1837 4057 2235 4175 pauciores
2284 4089 2512 4158 quam
2565 4065 2652 4139 in
2697 4081 3057 4153 masculo.
3178 4092 3575 4187 Vaginula

758 4160 1138 4284 oblonga,
1198 4185 1737 4273 viridi-fusca,
1795 4206 1952 4262 seta
2010 4193 2147 4265 vix
2200 4199 2519 4273 uncialis
2580 4227 2859 4301 erecta,
2934 4242 3207 4312 parum
3260 4225 3565 4320 tortilis,

765 4322 998 4400 fusca.
1070 4352 1073 4357 ’
1144 4321 1387 4399 Theca
1443 4323 1814 4424 oblonga,
1877 4326 2300 4431 inaequalis
2342 4357 2507 4441 non
2561 4347 2886 4421 omnino
2942 4355 3036 4426 ad
3090 4357 3577 4437 horizontem
