4290 5372
1262 654 1619 757 [Hypnum
1671 680 1789 750 37.
1848 633 2451 754 quadrangulare.
2510 683 2636 760 33.
2697 656 2967 742 livea-ss
3367 688 3514 742 211

699 881 815 953 57.
876 876 1645 964 Quannancunanz,
1733 851 2199 926 decumbens
2262 833 2828 952 flagelliferum,
2901 854 3115 930 foliis
3168 839 3515 933 decussa·

900 999 1005 1070 tis
1062 991 1318 1066 densis
1365 990 1679 1088 patulis,
1708 990 2304 1062 solidinervibus
2371 989 2730 1089 oblongis
2782 993 3257 1065 acuminatis,
3375 979 3382 985 ⁹

797 1136 920 1208 Ad
978 1133 1338 1231 arborum
1400 1147 1716 1240 truncos
1772 1119 1881 1199 in'
1913 1135 2229 1223 Guyana
2281 1126 2473 1227 legit
2510 1129 2871 1203 Claudius
2924 1129 3289 1218 Richard,
3343 1135 3522 1206 Pro·

898 1269 1147 1343 sessor
1199 1269 1456 1341 botan.
1520 1264 1931 1339 Parisinus.

915 1409 1172 1480 Caulis
1227 1403 1687 1476 'biuncialis
1705 1421 1836 1473 aut
1885 1402 2236 1500 longior,
2325 1402 2741 1476 corticibus
2796 1386 3233 1492 inhaerens,
3301 1405 3515 1483 foliis

692 1542 776 1614 in
843 1539 1008 1612 basi
1080 1541 1639 1634 procumbente
1707 1554 1785 1606 et
1850 1535 1978 1606 hic
2048 1535 2218 1608 illie
2286 1536 2375 1607 in
2438 1539 2667 1614 ramis
2723 1537 3105 1627 nudatus,
3195 1542 3513 1640 rigidus,

694 1675 986 1775 flagella
1037 1674 1540 1747 semuncialia
1595 1671 1942 1767 aphylla,
2022 1671 2240 1767 apice
2306 1673 2395 1747 in
2446 1676 2779 1751 ramulos
2834 1674 3354 1751 radiciformes
3405 1678 3536 1776 di«-

694 1813 889 1899 visa,
941 1810 1168 1896 edens
1184 1838 1211 1897 3
1268 1810 1466 1885 rami
1516 1836 1685 1884 raro
1742 1807 1969 1882 uncia
2019 1809 2449 1909 longiores,
2519 1813 2944 1911 simplices,
3003 1813 3272 1911 rigidi,
3338 1839 3513 1911 qua-

698 1947 1067 2047 dranguli.
1199 1947 1427 2020 Folia
1510 1945 2051 2045 quadrifariam
2135 1948 2405 2050 posita,
2454 1967 2532 2022 et
2608 1950 2983 2046 patentia,
3072 1951 3209 2024 sed
3275 1977 3508 2047 aeque
3615 1993 3618 1996 ·

698 2086 963 2178 densa,
1030 2085 1396 2186 quanrin
1455 2085 1766 2158 caeteris
1819 2085 2101 2181 hypnis
2157 2087 2607 2183 tetragonis,
2677 2087 3050 2185 oblonga,
3123 2089 3507 2164 acumina·

692 2242 808 2314 ta,
864 2249 1228 2314 concava,
1301 2223 1671 2310 carinata,
1727 2222 2259 2322 integerrima,
2320 2223 2602 2321 rigida,
2670 2222 2956 2309 nitida,
3013 2226 3208 2296 laete
3257 2225 3507 2304 viren-

694 2363 844 2435 tia:
931 2384 1172 2434 nervo
1246 2360 1674 2447 concolori,
1764 2360 1858 2433 ad
1939 2360 2232 2457 apicem
2297 2359 2785 2457 perdurante:
2870 2361 3141 2435 areolis
3203 2363 3506 2435 reticuli

608 2479 619 2490 ³
695 2497 1108 2584 subtilibus
1174 2498 1482 2570 seriatis.
1614 2501 1872 2574 Flores
1929 2516 2018 2570 ut
2067 2498 2373 2572 videtur
2428 2495 2715 2569 dioeci:
2755 2492 3265 2598 femineorum
3315 2499 3507 2575 folia

696 2635 997 2711 circiter
1070 2629 1427 2735 decem,=
1475 2659 1569 2706 ex
1644 2654 1871 2711 ovato
1922 2654 2232 2735 repente
2292 2632 2760 2721 acuminata,
2827 2632 3089 2709 minus
3146 2633 3499 2729 concava,

692 2771 1209 2852 solidinervia.
1318 2776 1611 2846 Pistilla
1665 2773 2014 2848 totidem.
2149 2774 2622 2874 Paraphyses
2676 2770 2836 2874 illis
2901 2773 3371 2868 copiosiores
3422 2794 3502 2850 et

693 2913 949 3013 paullo
1004 2908 1424 3005 longiores,
1480 2911 1824 3001 subtileS,
1872 2912 2188 2985 albidae.
2288 2880 2698 3008 'Vaginnla
2752 2909 3170 2999 cylindrica
3222 2914 3504 3005 virens,

695 3053 907 3149 apice
947 3050 1316 3120 brunnen.
1428 3052 1609 3119 ὕεια
1661 3049 2023 3136 uncialis,
2080 3047 2529 3131 incurvans,
2599 3024 2881 3141 rigida,
2944 3046 3283 3120 siccitate
3332 3077 3499 3128 non

697 3187 986 3272 totilis,
1045 3180 1649 3257 rufo-brunnen.
1807 3185 2049 3257 Theca
2119 3196 2377 3269 ovata,
2427 3179 2699 3267 laevis,
2767 3179 3131 3255 brunnea.
3269 3193 3508 3282 oper--

698 3330 945 3401 culum
972 3346 1048 3409 ,e
1098 3320 1368 3394 conico
1421 3336 1874 3409 rostratum,
1937 3322 2375 3405 curvulum,
2431 3317 2550 3388 illi
2596 3310 2979 3421 concolor.
3123 3325 3493 3423 Calyptra

696 3465 1073 3547 subulata,
1133 3459 1384 3531 latere
1414 3484 1688 3555 parum
1744 3458 1957 3543 fissa,
2017 3454 2540 3554 cartilaginea,
2595 3455 2958 3533 brunnen.

780 3658 785 3665 .
902 3597 1170 3697 Quoad
1244 3596 1456 3671 floris
1518 3597 1867 3672 habitum
1933 3613 2010 3668 et
2083 3594 2461 3691 calyptrae
2523 3591 2994 3691 rigiditatem
3057 3596 3154 3669 ab
3208 3600 3491 3698 hypnis

693 3730 1008 3823 recedit,
1099 3735 1230 3809 sed
1286 3736 1412 3809 cui
1466 3735 1600 3808 alii
1652 3733 1914 3835 generi
1968 3730 2626 3806 adnumerandum
2675 3730 2814 3821 sit,
2893 3759 2936 3807 e
2983 3737 3268 3812 nostris
3330 3765 3493 3837 spe-

693 3873 1108 3950 ciminibus
1160 3874 1424 3972 colligi
1476 3872 1769 3969 nequit.

694 4034 1205 4103 33.1.1vr.ns,
1277 4012 1709 4109 pendulum
1765 4010 2321 4106 subpinnatum
2364 4007 2578 4115 foliis
2643 4006 3181 4109 quadrifariam
3229 4006 3493 4085 imbri-

896 4150 1133 4245 catis-
1140 4149 1388 4227 cvm:
1441 4148 1678 4222 acutis
1729 4148 2154 4223 enervibus.
2593 4158 2624 4179 ⁶

790 4294 887 4363 In
941 4285 1263 4361 Peruvia
1310 4287 1597 4359 lectum
1650 4281 2044 4361 conservat
2090 4287 2509 4368 Jussieuus.
2560 4294 2647 4375 u.

912 4430 1171 4504 Cauzis
1230 4441 1384 4502 tres
1450 4423 1715 4509 uncias
1772 4427 2099 4526 longus,
2181 4424 2412 4499 ramis
2472 4420 2819 4522 pinnatis
2886 4438 2965 4498 et
3025 4420 3482 4501 subfascicu-
