4290 5372
1674 609 2114 714 Cab‘m'pereff
2188 642 2255 693 Ω.
2319 619 2644 693 Palisoti.
2964 654 2981 677 f
3413 635 3555 704 555

949 815 1211 887 Radix
1261 809 1639 896 basilaris,
1700 811 2119 908 capillacea.
2240 812 2493 882 Caulis
2547 803 2907 890 uncialis,
2964 804 3326 900 simpleX,
3382 829 3548 876 raro

741 952 976 1029 semel
1050 949 1365 1021 divisus.
1506 951 1722 1019 Folia
1785 949 2090 1042 plantae
2153 944 2519 1017 iuvenilis
2588 960 2665 1014 et
2718 940 3071 1014 basilaria
3116 943 3553 1036 plantarum

742 1089 1171 1159 adultarum
1221 1085 1576 1181 oblonga,
1638 1083 1930 1169 obtusa,
1983 1082 2500 1165 subcarinata3
2555 1080 2939 1174 superiora
2990 1078 3550 1177 oblongo-lan-

737 1221 1047 1305 ceolata,
1112 1239 1241 1292 aut
1293 1220 2097 1318 oblongo-lingulam,
2157 1218 2506 1302 carinata,
2567 1216 2907 1315 margine
2959 1214 3321 1286 undulata
3340 1241 3363 1298 ς
3420 1228 3550 1282 aut

740 1353 1115 1452 oblonga,
1191 1355 1416 1449 apice
1470 1355 1871 1426 rotundata
1937 1371 2014 1424 et
2068 1353 2267 1425 infra
2328 1353 2622 1447 apicem
2680 1350 3154 1449 angustiora,
3236 1365 3546 1445 propter

735 1490 1166 1586 marginem
1217 1490 1356 1561 hac
1409 1507 1616 1584 parte
1669 1489 2071 1562 reflexum:
2125 1488 2389 1560 omnia
2435 1484 2958 1584 integerrima,
3015 1485 3351 1557 siccitate
3396 1502 3548 1557 tor-

735 1624 924 1709 tilia,
980 1620 1381 1719 pellucida,
1435 1624 1723 1709 mollia,
1782 1625 2064 1719 pallid‘e
2117 1622 2469 1706 virentia,
2524 1622 2688 1693 basi
2738 1620 3542 1717 semi-amplexicauli‚

736 1758 1018 1831 albida:
1074 1781 1311 1828 nervo
1373 1782 1621 1831 crasso
1681 1759 1775 1830 ad
1830 1759 2119 1855 apicem
2181 1758 2669 1852 perdurante,
2744 1756 2830 1826 in
2883 1756 3096 1828 foliis
3148 1754 3544 1854 lingulatis

733 1891 1105 1965 latissimo
1172 1910 1245 1963 et
1316 1911 1566 1965 totam
1637 1896 2095 1991 quandoque
2163 1892 2714 1964 extremitatem
2783 1894 3157 1987 replente:
3244 1889 3548 1964 reticuli

739 2026 1006 2097 areolis
1068 2029 1456 2116 minimiS,
1531 2029 1933 2125 quadratis.
2080 2033 2335 2100 Flores
2400 2025 2698 2099 dioeci?
2820 2002 3164 2123 capitula
3218 2025 3542 2121 aphylla,

734 2158 1101 2233 foliorum
1152 2164 1703 2262 lingulatorum
1764 2163 1962 2261 apici
2018 2182 2374 2237 excavato
2432 2147 2744 2247 innata,
2777 2186 2871 2233 ex
2904 2160 3331 2234 innumeris
3386 2184 3546 2231 cor·

730 2297 1077 2391 pusculis
1131 2296 1662 2384 filiformibus,
1741 2324 1878 2393 per
1929 2301 2351 2371 areolarum
2400 2297 2741 2396 isthmos·
2777 2315 3197 2371 transverse
3253 2314 3328 2367 et
3373 2297 3545 2368 lon·
3599 2349 3605 2355 -

734 2432 1260 2530 gitudinaliter
1313 2434 1632 2521 striatiS,
1693 2434 1859 2506 aliis
1915 2433 2125 2529 apice
2178 2433 2540 2530 integris,
2599 2434 2768 2504 aliis
2823 2434 3119 2529 apertis,
3178 2431 3538 2504 tenuibus

730 2566 1140 2639 filamentis
1194 2566 1521 2654 innixis,
1612 2569 1896 2665 pallide
1951 2569 2229 2641 luteis:
2293 2594 2393 2640 an
2443 2566 2677 2640 flores
2744 2568 3124 2640 masculi?
3285 2571 3538 2641 Flores

727 2702 1038 2807 feminei
1090 2704 1413 2776 solitarii
1473 2704 1560 2775 in
1626 2705 1936 2804 singulo
1992 2708 2204 2779 caule
2259 2707 2385 2779 vel
2447 2729 2683 2776 ramo.
2847 2708 3062 2776 Folia
3106 2706 3539 2803 perichaetii

730 2841 1533 2939 oblongo-lingulam,
1604 2841 1925 2914 caulinis
1981 2842 2287 2916 similia.
2414 2845 2705 2913 Pistilla
2757 2864 3014 2935 pauca.
3142 2842 3537 2941 Pamphy-

727 3005 835 3051 ses
882 3001 1044 3049 non
1105 2976 1333 3047 visae.
1471 2980 1866 3072 Vaginula
1926 2976 2382 3067 cylindrica,
2447 2956 2662 3045 theca
2710 2976 3056 3072 longior,
3111 2994 3534 3049 transverse

726 3116 1017 3200 striata,
1076 3110 1528 3206 ferruginea.
1663 3115 1875 3191 Seta,
1936 3110 2185 3195 theca,
2242 3108 2671 3180 membrana
2725 3115 3091 3203 operienS,
3155 3116 3528 3210 calyptra,

726 3249 1113 3322 simillima
1162 3243 1679 3349 praecedentis
1730 3241 2031 3337 speciei.
2155 3245 2601 3339 operculum
2650 3245 2860 3316 theca
2910 3245 3144 3341 duplo
3200 3248 3529 3321 brevius.

920 3382 1267 3479 Capitula
1335 3381 1468 3451 illa
1539 3403 1698 3451 esse
1770 3375 1991 3449 flores
2049 3377 2414 3449 videntur
2481 3378 2579 3451 ob
2656 3383 3283 3476 corpusculorum
3339 3384 3532 3483 figu-

722 3544 925 3603 ram,
981 3518 1199 3589 nervi
1251 3515 1625 3589 foliorum
1670 3512 2211 3614 ‘florigerorum
2254 3516 2692 3603 crassitiem,
2747 3518 3028 3615 quippe
3083 3519 3217 3615 qui
3269 3545 3529 3593 succo-

720 3678 891 3727 rum
929 3651 1476 3724 abundantiam
1517 3649 1876 3748 suggerit,
1942 3630 2159 3721 cuius
2203 3671 2385 3721 usus
2440 3652 2535 3723 ad
2582 3655 2990 3728 nutrienda
3039 3657 3396 3756 genitalia
3441 3659 3529 3730 in

719 3805 1032 3885 promtu
1089 3804 1302 3858 esset.
1447 3785 1793 3858 Alterum
1846 3786 2229 3881 exemplar
2278 3782 2479 3857 foret
2531 3805 2708 3882 post
2762 3788 3081 3868 Mnium
3134 3797 3522 3898 androgy.

721 3952 895 3997 num
951 3931 1034 3998 L.
1094 3918 1574 3995 antherarum
1626 3922 1872 3995 libero
1921 3921 2081 3995 aeri
2133 3922 2670 4016 expositarum.

827 4193 1008 4266 Tab.
1073 4196 1397 4264 XCV-111.
1464 4190 1589 4289 fig.
1653 4216 1723 4263 1.
1780 4195 2083 4288 plantae
2155 4194 2692 4292 magnitudine
2755 4198 3103 4272 naturali.
3239 4205 3395 4306 Fig.
3451 4234 3520 4284 2.

929 4327 1161 4401 caulis
1212 4351 1399 4423 apex
1453 4350 1700 4428 augm.
1760 4354 1827 4402 o.
1950 4329 2101 4430 Fig.
2164 4352 2227 4419 5.
2283 4329 2474 4404 folia
2529 4331 2900 4409 inferiora
2956 4355 3032 4409 et
3086 4342 3379 4428 media,
3448 4362 3520 4435 4.
