4290 5372
768 637 869 714 ὃς
1726 608 2005 680 Mania
2084 627 2152 682 ι.
2198 606 2582 700 uliginosa.
2650 573 2692 599 Ἃ

1480 1366 2866 1520 ΜΕΕὲῙΑ.

788 1644 1476 1746 peristomium
1558 1668 1961 1765 duplex:
2057 1670 2488 1743 exterius
2583 1662 3047 1739 dentibus
3130 1662 3579 1754 sedecim,

935 1817 1370 1907 obtusis,
1440 1818 1947 1905 brevibus3
2020 1808 2432 1929 inferius
2499 1819 2958 1891 dentibus
3010 1818 3431 1891 sedecim

1146 1995 1442 2069 opere
1501 1971 2040 2045 reticulato
2100 1968 2577 2043 connexis
2646 1987 2802 2081 aut
2852 1969 3226 2044 liberis.

870 2162 1205 2238 Flores
1242 2160 1836 2250 terminales,
1896 2159 2667 2260 gemmiformes‚
2718 2151 3513 2254 hermaphroditi.
3629 2178 3644 2187 ’

987 2377 1318 2449 Habitus
1370 2379 1764 2470 bryorum.
1856 2358 2145 2450 *Cautes
2198 2376 2607 2473 simplices,
2665 2375 2915 2448 erecti.
2977 2347 2985 2355 ⁶
3026 2384 3246 2451 Setae
3285 2378 3585 2475 longae.

798 2513 1087 2588 Thecae
1162 2512 1561 2606 oblongae,
1637 2512 2015 2583 curvulae.
2123 2514 2517 2582 character
2601 2510 3021 2581 essentialis
3108 2513 3596 2607 cognoscitur

784 2646 1081 2725 externi
1130 2645 1563 2742 peristomii
1604 2645 1959 2716 dentibus
2013 2643 2323 2716 interno
2391 2642 2716 2715 dimidio
2789 2644 3299 2732 brevioribus,
3372 2649 3591 2720 obtu-

787 2786 921 2871 sis,
966 2782 1286 2868 teneris,
1352 2780 1687 2877 pallidis.
1849 2785 2131 2852 Inter-ni
2215 2796 2623 2851 contextus
2686 2780 3342 2867 membranaceus,
3416 2784 3593 2854 sub-

782 2920 1291 3019 spongiosus:
1363 2921 1610 2991 dentes
1654 2915 2500 3002 lanceolam-lineares,
2574 2931 2790 2987 extus
2846 2918 3197 3003 estimati,
3257 2921 3592 2993 externis

783 3056 1147 3128 dentibus
1190 3052 1654 3150 interpositi,
1710 3069 1842 3124 aut
1876 3051 2123 3148 spatio
2172 3051 2463 3146 aequali
2499 3051 2592 3122 ab
2619 3050 3264 3126 invicemremoti
3312 3075 3387 3127 et
3417 3075 3584 3132 tum

774 3191 1225 3265 membrana
1275 3189 1635 3261 cellulosa
1688 3187 1941 3286 fugaci
1973 3187 2178 3259 inter
2214 3211 2291 3259 se
2343 3186 2680 3273 connati,
2732 3205 2865 3258 aut
2897 3215 3031 3284 per
3081 3193 3289 3288 paria
3317 3219 3587 3291 appro-

777 3326 1097 3411 ximati,
1171 3325 1416 3397 liberi.
1598 3332 1806 3397 Haec
1865 3314 2048 3396 sero
2122 3329 2253 3394 aut
2321 3321 2772 3396 coniunctio
2845 3343 2976 3396 aut
3048 3331 3420 3424 separatio
3496 3333 3584 3406 in

781 3466 937 3538 hoc
996 3485 1272 3560 genere
1338 3459 1597 3558 exigui
1671 3459 2051 3532 momenti
2111 3476 2260 3545 est,
2325 3458 2577 3554 ‘quum
2657 3483 2822 3531 non
2897 3464 3150 3536 solum
3232 3467 3585 3542 dentium
3665 3475 3673 3483 ’

788 3618 1281 3673 externorum
1335 3613 1412 3667 et
1465 3597 1947 3667 internorum
2008 3593 2438 3701 florumque
2492 3614 2903 3685 structura,
2983 3600 3115 3671 sed
3184 3603 3415 3679 etiam
3458 3608 3588 3681 ha-

782 3737 994 3811 bitus
1026 3731 1401 3806 omnium
1462 3732 1888 3829 specierum
1954 3732 2290 3805 maxime
2357 3750 2746 3832 congruat.

792 3952 860 4004 ι,
911 3946 1396 4008 nuenton,
1456 3918 1673 3993 foliis
1721 3921 2123 4021 lingulatis
2170 3921 2714 3996 obtusiusculis
2768 3922 3308 4025 integerrimis.
3374 3934 3579 4028 Spec-

984 4084 1228 4135 musc.
1277 4085 1359 4155 p.
1422 4077 1589 4145 175.
1644 4056 1869 4153 Stirp.
1923 4077 2162 4155 crypt.
2221 4066 2282 4130 L
2347 4085 2425 4154 p.
2485 4083 2551 4129 1.
2606 4077 2661 4129 t.
2710 4087 2782 4135 2.

882 4211 967 4304 β,
1021 4212 1318 4296 minor,
1389 4205 1609 4280 foliis
1690 4210 2267 4307 angustioribus
2363 4207 2882 4305 rigidioribus.
2979 4217 3270 4295 Meesia
3337 4227 3580 4297 minor

983 4348 1193 4422 Brid.
1252 4347 1673 4446 muscolog.
1725 4350 1819 4418 ΙΙ.
1880 4363 1944 4434 5.
1993 4366 2050 4423 t.
2103 4372 2172 4423 2.
2242 4345 2294 4421 f.
2347 4367 2476 4442 ,¹3·
2548 4348 2799 4421 a-d.
