4290 5372
740 597 784 646 2
1675 555 2063 627 Leucadon
2116 576 2186 630 2.
2241 558 2626 632 Mor-ensis:

739 750 1227 832 ascendentes
1265 743 1525 817 minus
1556 726 1947 819 evidenter
1980 749 2372 844 disposita,
2434 773 2654 845 saepe
2692 719 3027 822 'secunda
3073 738 3149 823 et
3192 741 3542 846 paullum

738 894 1054 965 incurva
1069 915 1092 973 3
1176 881 1935 968 ovato-acuminata,
2004 885 2229 979 plicis
2282 885 2575 956 duabus
2629 885 3153 974 exterioribus,
3209 884 3547 983 margini

733 1022 1161 1126 paralleli3‚·
1247 1016 1821 1102 subcontinuis,
1910 1019 2188 1093 mediis
2285 1008 2577 1090 duabus
2659 1018 2920 1092 minus
2988 1022 3542 1108 constantibus,

729 1157 1258 1257 integerrima,
1340 1177 1705 1237 concava,
1784 1151 2098 1238 viridia,
2174 1152 2393 1226 senio
2464 1150 2713 1239 fusca,
2806 1156 3151 1242 enervia3
3233 1177 3542 1242 nervus,
3597 1192 3602 1207 ·

737 1299 1040 1397 qualem
1085 1292 1457 1363 VVeberus
1507 1305 1903 1372 memorat,
1974 1314 2141 1361 non
2196 1284 2503 1360 admitti
2546 1303 2803 1381 potest
2818 1314 2842 1371 3
2920 1290 3190 1364 areolis
3239 1290 3543 1363 reticuli

733 1429 1117 1527 oblongis.
1235 1431 1490 1499 Flores
1541 1424 1771 1497 ramis
1821 1422 2102 1511 adnati,
2162 1421 2450 1495 dioeci:
2491 1417 2720 1524 foliis
2778 1424 3208 1519 perichaetii
3259 1426 3540 1511 ,ovatis,
3626 1422 3629 1427 ⁴

729 1567 975 1642 acutis
1047 1562 1327 1655 absque
1392 1558 1650 1655 plicis,
1737 1557 2231 1632 interioribus
2296 1556 2773 1643 acuminatis,
2845 1558 2930 1630 in
3002 1560 3339 1634 femineo
3390 1586 3546 1633 ma-

734 1723 911 1777 turo
967 1700 1306 1792 oblongo
1374 1696 1854 1782 lanceolatis,
1912 1696 2002 1767 in
2070 1695 2509 1786 cylindrum
2575 1696 3033 1768 convolutis.
3171 1700 3548 1770 Genitalia

741 1841 1006 1914 decem
1035 1850 1167 1905 aut
1198 1830 1663 1927 quindecim.
1779 1832 2256 1932 Pamphyses
2281 1833 2559 1902 nullae.
2627 1818 3038 1931 Vaginida.
3081 1831 3549 1905 lineari-ob-

740 1977 999 2073 longa,
1052 1972 1351 2040 thecam
1398 1992 1766 2064 aequans,
1836 1968 2206 2041 brunnen.
2295 1974 2494 2043 ‘Seta
2545 1967 2913 2052 uncialis,
2969 1987 3228 2056 erecta,
3283 1966 3545 2050 laevis.

745 2110 1090 2185 siccitate
1150 2103 1476 2201 tortilis,
1555 2105 1917 2176 brunnea.
2075 2104 2317 2179 Theca
2399 2104 2739 2202 oblongo
2766 2145 2798 2162 -
2834 2124 3092 2190 ovata,
3191 2101 3546 2198 aequalis,

746 2257 1015 2322 erecta,
1058 2236 1315 2319 laevis,
1390 2236 1757 2311 brunnea.
1812 2243 2419 2339 ,‚Peri.gtqrszjunp,
2476 2238 2685 2334 quod
2721 2264 2943 2333 supra
2986 2237 3546 2333 descripsimus,
3615 2288 3624 2293 -

751 2362 969 2444 theca
1017 2368 1327 2459 octuplo
1385 2364 1716 2447 brevius,
1809 2364 2273 2447 connivens,
2348 2364 2708 2441 dentibus
2765 2389 2915 2437 una
2979 2372 3171 2441 serie
3242 2368 3554 2441 forami-

753 2507 1125 2580 nulorum
1154 2498 1504 2596 pertusis,
1563 2496 1845 2568 album.
1962 2498 2438 2590 Operculum'
2482 2495 2862 2577 conicum,
2922 2484 3316 2581 obtusum,
3368 2524 3548 2573 con-

758 2644 970 2718 color
1025 2639 1303 2709 thecae.
1466 2635 1837 2732 Calyptra
1905 2631 2504 2723 subcylindrica,
2572 2630 2829 2704 medio
2853 2633 3134 2727 paullo
3193 2635 3540 2729 amplior,

756 2781 987 2866 latere
1033 2773 1242 2855 fissa,
1293 2767 1734 2850 straminea,
1797 2765 2023 2860 apice
2056 2763 2288 2837 fusca.

965 2906 1189 2982 nami
1234 2904 1319 2974 in
1367 2902 1615 2974 axillis
1664 2899 2035 2972 foliorum
2062 2925 2280 2996 saepe
2315 2898 2716 2973 continent
2749 2899 3116 2975 bulbillos
3161 2906 3543 2980 solitarios

761 3065 892 3122 aut
928 3057 1402 3118 coacervatos
1433 3036 1771 3132 exiguos,
1832 3054 1964 3107 aut
2002 3035 2585 3124 fusco-virides,
2640 3052 2776 3106 aut
2815 3039 3239 3113 rufescente
3264 3059 3341 3113 et
3372 3044 3545 3115 sub..

762 3204 1073 3255 carnosa
1123 3176 1283 3248 basi
1329 3173 1693 3269 insignes.
1766 3183 1771 3189 ’

761 3341 834 3392 2.
882 3336 1347 3392 monimus,
1418 3308 1645 3377 ramis
1712 3304 2113 3402 fastigiatis
2153 3308 2439 3395 tectis„
2509 3308 2724 3383 foliis
2795 3313 3544 3387 ovato—acuminatis

968 3446 1419 3521 octofariam
1493 3440 1804 3536 oblique
1877 3441 2299 3516 imbricatis
2368 3447 2633 3534 rectis,
2720 3448 2936 3518 theca
3015 3446 3544 3546 oblongo-cy·

964 3582 1311 3657 lindrica.

860 3728 1241 3816 Hypnum
1296 3722 1643 3788 Morense
1685 3711 2112 3784 schleicher
2162 3718 2322 3788 MS.

856 3864 954 3931 -In
1027 3851 1376 3929 Helvetia
1455 3848 1911 3934 Schleicher,
1999 3849 2084 3918 in
2126 3851 2367 3923 Gallia
2424 3853 2763 3942 Nestler,
2812 3853 3102 3929 Palisot
3143 3858 3541 3948 Beauvois,

963 3999 1324 4074 Persoon,
1392 3982 1716 4058 Richard
1759 3984 2129 4081 legerunt.
2184 3992 2273 4069 u.
2379 4004 2390 4014 ·

958 4119 1445 4200 Praecedenti
1496 4118 1974 4205 simillimus,
2042 4119 2175 4193 sed
2239 4118 2474 4193 caulis
2532 4118 2791 4193 minus
2840 4123 3269 4222 elongatus,
3347 4131 3541 4204 rami

753 4264 945 4345 recti
987 4289 1031 4342 ει
1064 4301 1164 4323 --
1200 4281 1243 4350 3
1278 4258 1634 4348 unciales,
1691 4255 1882 4334 folia
1930 4255 2173 4358 magis
2225 4253 2458 4335 densa
2516 4275 2594 4335 et
2656 4259 3047 4338 evidenter
3090 4265 3539 4346 octofariam
3623 4284 3670 4336 „·
