4290 5372
1480 660 1877 760 '‘Hypnum
1952 666 2071 755 76.
2128 650 2722 773 ωἰονορῖνχὶἱαηιῖῖ
3357 670 3508 741 261

792 881 800 889 ·
903 857 1050 936 bus
1105 852 1621 931 erectiusculis
1642 909 1664 943 ,
1735 854 1968 929 foliis
2025 853 2321 952 exiguis
2375 842 2832 926 acuminatis
2858 848 3322 948 ,patentibus
3376 852 3514 926 du-

791 1042 798 1048 ·
904 997 1294 1071 ctulorum
1323 990 1689 1066 fasciculo
1732 992 1826 1064 ad
1865 991 2048 1064 duas
2085 989 2346 1062 tertias
2370 990 2701 1088 paginae
2737 989 3244 1089 pertingente,
3294 1014 3511 1087 oper-

903 1098 1079 1208 cuio
1145 1130 1493 1205 conoide.
1603 1134 1811 1226 Spec.
1864 1140 2102 1201 mu'sc.
2154 1153 2231 1225 p.
2281 1148 2454 1216 273.
2512 1145 2566 1198 t.
2624 1148 2742 1215 72.
2795 1123 2851 1197 f.
2910 1108 3216 1213 5-4132.
3441 1104 3452 1113 ’

803 1308 898 1379 In
945 1302 1239 1375 truncis
1287 1299 1615 1398 putridis
1658 1297 1752 1369 ad
1797 1315 2076 1370 terram
2117 1297 2206 1369 in
2251 1295 2470 1371 omni
2511 1301 2815 1391 Europa
2857 1311 2934 1368 et
2967 1296 3256 1370 boreali
3293 1297 3518 1373 Ame-

846 1426 853 1433 ’
901 1441 1055 1515 rica
1107 1436 1858 1536 frequentissimum,
1942 1458 2120 1511 vere
2184 1451 2264 1508 et
2319 1448 2486 1509 tota
2538 1434 2814 1509 aestate
2861 1423 3219 1532 pluviosa
3276 1456 3520 1551 rnatu·

906 1599 1105 1649 rum.
1212 1584 1300 1662 u.

908 1720 1256 1820 Maxirne
1304 1743 1548 1819 variat
1599 1718 2139 1842 magnitudine
2185 1738 2423 1830 setae,
2476 1742 2741 1816 thecae
2792 1758 2870 1815 et
2915 1742 3173 1817 caulis.
3270 1741 3525 1853 'Facile

707 1885 1148 1985 agnoscitur
1214 1881 1590 1953 tenuitate
1663 1897 1740 1950 et
1802 1878 2178 1975 parvitate
2245 1876 2620 1951 foliorum
2674 1882 3091 1983 eorumque
3161 1898 3530 1953 contextu

703 2024 908 2111 laxo,
973 2018 1192 2118 quasi
1236 2016 1694 2089 vesicuioso.
1820 2018 2035 2087 Folia
2092 2030 2224 2087 aut
2272 2015 2501 2087 nervi
2544 2016 2854 2088 nullum
2905 1995 3342 2115 vestigium,
3399 2033 3531 2088 aut

705 2175 1036 2233 nervum
1089 2153 1344 2227 medio
1400 2167 2017 2239 evanescentem,
2101 2168 2238 2223 aut
2301 2174 2633 2224 nervum
2700 2150 2929 2225 altius
2995 2153 3532 2248 perdurantem

708 2296 1026 2381 habent,
1099 2290 1342 2390 magis
1402 2305 1643 2360 erecta
1699 2305 1831 2359 aut
1880 2285 2126 2385 magis
2181 2287 2520 2383 patentia
2575 2304 2797 2375 sunt,
2888 2312 3116 2384 quare
3171 2305 3328 2361 tam
3381 2312 3535 2361 sae·

708 2459 808 2532 pe
860 2431 1166 2533 videtur
1215 2426 1400 2505 eius,
1429 2449 1721 2497 nomen
1774 2424 2106 2497 latuisse.
2216 2424 2508 2496 Thecae
2558 2422 2800 2521 figura
2853 2442 2926 2496 et
2977 2426 3189 2498 color
3242 2449 3283 2495 e
3322 2425 3535 2496 luteo

712 2568 1111 2642 brunneus
1187 2588 1322 2635 seu
1380 2578 1784 2648 testaceus,
1866 2559 2226 2657 inprimis
2286 2559 2421 2631 ubi
2473 2560 2766 2633 semina
2821 2560 3057 2634 eiecta
3107 2534 3535 2659 sunu-spe-

656 2670 671 2677 ·
715 2704 914 2778 ciem
966 2701 1187 2775 facile
1246 2700 1524 2796 prodit.
1665 2697 1815 2772 Vix
1874 2691 2097 2768 datur
2160 2699 2600 2794 exemplum
2658 2678 2911 2772 tantae
2968 2699 3538 2774 inconstantiae

660 2825 930 2914 'nervi
981 2815 1071 2910 in
1120 2835 1288 2910 'ullo
1341 2817 1653 2933 hypno,
1739 2834 1875 2911 sed
1940 2851 2127 2908 sunt
2197 2834 2460 2948 eadem
2511 2835 2601 2910 in
2654 2836 3002 2914 Weissiis
3061 2855 3139 2913 et
3207 2839 3536 2914 dicranis

656 2941 668 2950 ι
713 2974 1201 3078 quibusdam.
1626 2971 1635 2980 ’

1840 3079 1895 3156 ἰιι
2099 3154 2149 3205 ⁴¹
2371 3102 2419 3158 t

923 3249 1301 3341 Hypnum
1359 3247 1722 3334 intortum
1788 3261 1863 3316 et
1917 3246 2484 3316 crassius-culum
2551 3261 2870 3340 possent
2933 3247 3085 3319 huc
3138 3248 3536 3338 collocari;

718 3383 858 3461 sed
904 3381 1096 3458 folia
1136 3380 1385 3470 ,etiam
1435 3378 1524 3451 in
1572 3399 1778 3453 statu
1834 3379 2040 3452 sicco
2094 3371 2360 3476 potius
2410 3382 2705 3476 patula,
2761 3408 2994 3483 quam
3041 3402 3282 3465 erecta
3329 3404 3533 3464 sunt.
3603 3382 3632 3392 “

1542 3574 1609 3644 6.
1649 3567 1879 3674 foliis
1933 3574 2151 3645 rectis
2199 3575 2708 3648 erectiusculis.

1211 3707 1302 3800 b)
1358 3711 1568 3782 caule
1618 3707 1828 3809 vage
1877 3734 2201 3814 ramoso3
2266 3707 2361 3801 β)
2401 3707 2561 3814 fol.
2615 3715 3083 3813 explanatis(

1681 3845 1786 3934 -Η
1839 3847 2189 3940 operculo
2246 3850 2525 3920 conico.

1604 3974 1732 4026 ***
1777 3974 2010 4081 foliis
2060 3980 2650 4057 solidinervibus.

720 4155 841 4233 90.
898 4152 1605 4217 mrcnornrzzmvr,
1662 4130 2127 4208 decumbens
2175 4133 2775 4236 subpinnatum,
2848 4133 3063 4214 foliis
3116 4140 3364 4219 ovatis
3416 4166 3535 4219 so-

921 4268 1434 4345 lidinervibus
1486 4266 1890 4358 histriatis,
1964 4288 2118 4344 seta
2171 4274 2444 4376 longa,
2499 4275 2860 4376 operculo
2918 4239 3213 4359 conice.
3322 4291 3531 4382 Spee.

919 4431 1159 4487 musc-
1201 4434 1279 4510 Ρ.
1328 4412 1504 4509 269.
1557 4423 1611 4485 t.
1667 4410 1787 4509 69.
1824 4403 1889 4485 f.
1952 4424 2203 4507 1—4.
