4290 5372
763 682 875 763 ,44
1949 659 2395 737 Bartmmia.

1373 1766 3059 1929 BARTRAMIUA.

822 2040 1496 2112 Per-istomium
1577 2035 1968 2131 duplex:
2065 2039 2487 2110 exterius
2558 2030 3048 2110 'dentibus
3155 2028 3602 2121 sedecim,

793 2254 798 2261 .
893 2178 1178 2284 apice
1226 2174 1608 2274 liberis,
1666 2184 2475 2261 conniventibus:
2532 2192 2946 2261 interius
2997 2186 3569 2260 membrana·-

1122 2337 1513 2432 plicata‚
1566 2333 1849 2441 fissa:
1906 2335 2350 2408 dentibus
2399 2338 2842 2422 sedecim,
2898 2334 3279 2410 bifidis.
3356 2344 3359 2349 ’

978 2542 1310 2613 Flor‘es
1376 2535 1989 2619 terminales,
2054 2535 2849 2628 hermaphroditi'
2895 2540 3048 2611 vel
3116 2527 3474 2615 dioecis

1033 2747 1288 2834 Genus
1352 2760 1696 2833 naturale
1776 2784 1818 2830 e
1903 2755 2327 2870 specierum
2404 2754 2970 2832 simillimarum
3059 2765 3315 2864 amplo
3387 2789 3612 2866 gajege

832 2896 1344 2992 componitur.
1452 2895 1831 2968 Omnibus
1902 2894 2336 3000 communis
2410 2912 2522 2968 est
2581 2900 2991 2990 peristomii
3047 2896 3333 2985 forma,
3404 2901 3617 2975 theca

831 3032 1300 3107 subrotunda
1352 3032 1792 3128 inaequalis,
1817 3017 1979 3103 ¹'ore
2031 3033 2479 3126 plerumque
2510 3048 2923 3117 contracto,
2980 3039 3404 3129 operculum
3442 3062 3617 3109 con-

803 3192 1115 3242 -vexum
1166 3166 1544 3272 conicum,
1603 3173 1953 3268 calyptra
2008 3184 2345 3264 angusta,
2399 3168 2626 3237 latere
2680 3165 2872 3253 fissa,
2936 3168 3270 3242 decidua.
3417 3178 3615 3244 Con-

801 3321 1122 3402 -gruunt
1162 3328 1391 3399 porro
1442 3302 1724 3398 species
1776 3302 1986 3375 foliis
2044 3301 2409 3400 angustis,
2464 3302 2787 3390 serratis,
2849 3299 3214 3376 differunt
3278 3306 3616 3404 longitu-

838 3438 1019 3511 dine
1069 3437 1479 3524 foliorum‚
1538 3438 1923 3535 rigiditate
2001 3456 2131 3509 aut
2200 3436 2590 3509 flexilitate
2657 3455 2732 3508 et
2803 3437 3241 3511 directione.
3380 3438 3618 3514 Diffe-

838 3593 1021 3645 runt
1073 3577 1325 3670 plures
1386 3573 1671 3669 species
1737 3572 2010 3658 caulis,
2080 3572 2529 3668 plerumque
2594 3575 3056 3660 subramosi,
3131 3575 3622 3672 longitudine

840 3709 1172 3795 definita,
1248 3711 1521 3782 dantur
1591 3733 1772 3782 vero
1842 3701 2109 3795 etiam,
2199 3733 2521 3804 quarum
2589 3708 3061 3806 singularum
3132 3712 3364 3784 caulis
3437 3735 3623 3785 mox

839 3844 1086 3917 brevis
1129 3870 1320 3919 mox
1367 3847 1648 3945 longus
1703 3844 1823 3916 sit.
1928 3849 2217 3917 Paucae
2259 3862 2435 3932 seta,
2503 3846 2718 3917 theca
2781 3870 3055 3942 parum
3123 3848 3513 3947 longiore,
3582 3880 3622 3925 a

836 3980 1146 4053 caeteris
1212 3981 1615 4066 recedunt3
1703 4003 1892 4075 quae
1954 3980 2041 4052 in
2104 3980 2485 4076 plerisque
2557 3980 2826 4053 unciae
2917 3983 3186 4069 unius,
3278 3984 3619 4075 duarum,

830 4116 1163 4190 triumve
1217 4099 1702 4189 altitudinem
1750 4115 2235 4188 nanciscitur.
2340 4122 2593 4187 Locus
2646 4115 3000 4188 omnium
3063 4119 3448 4208 terrestris,
3501 4148 3625 4218 pa-

833 4252 1173 4341 ludosus,
1229 4245 1674 4339 fontinalis,‘
1716 4270 1844 4323 aut
1895 4250 2257 4347 rupestris
2309 4251 2709 4324 umbrosus
2726 4279 2749 4336 5
2804 4253 3047 4347 patria
3100 4279 3297 4330 zona
3364 4257 3623 4332 mode-

833 4406 991 4464 rata
1043 4407 1117 4460 et
1169 4387 1464 4488 frigida,
1545 4388 1803 4464 minus
1863 4387 2256 4465 abundans
2324 4383 2629 4464 videtur
2690 4386 2947 4460 calida.
