4290 5372
712 654 715 659 ,
758 604 765 615 ³
830 628 969 681 112
1164 606 1169 613 ⁴
1596 593 1601 597 ’
1825 595 2104 692 Bryum
2171 622 2294 673 22.
2337 601 2637 693 Ρρὶἷεησ.

810 778 823 788 ’
937 790 1256 866 Mnium
1307 792 1592 890 gracile
1645 787 2009 861 Schleich.
2064 790 2301 887 crypt.
2362 792 2625 865 exsicc.
2681 796 2894 864 Cent-
2958 816 3029 865 Ω.
3081 818 3160 866 n.
3199 810 3321 886 4¹·
3381 798 3636 896 quoad

1044 926 1234 1002 folia
1286 926 1467 997 huic
1516 923 1790 1010 simile,
1816 925 1980 997 sed
2026 925 2267 1024 figura
2321 930 2598 1018 thecae,
2648 954 2880 1028 quam
2930 930 3419 1009 immaturam
3461 948 3636 1010 ‘tan-

1040 1083 1210 1136 tum
1261 1062 1463 1149 vidi,
1519 1057 1820 1132 differre
1885 1061 2209 1134 videtur.

936 1240 1312 1331 Hypnum
1359 1236 1647 1329 pallens
1706 1232 1924 1305 Web.
1981 1222 2238 1307 Mo'hr.
2292 1239 2535 1308 Germ.
2599 1259 2672 1332 p.
2735 1257 2905 1325 233.

935 1410 1031 1476 In
1119 1404 1589 1499 rupestribus
1673 1402 2098 1499 subalpinis
2141 1405 2528 1504 'Sueciae,
2616 1407 2989 1479 Saxoniae
3058 1408 3631 1508 Schneekoppe,

1039 1540 1485 1632 (Bohemiae
1534 1538 1993 1636 Buchberg‚)
2050 1558 2125 1612 et
2179 1542 2570 1657 Helvetiae
2584 1571 2608 1628 3
2669 1558 2946 1618 aestate
2980 1533 3488 1650 fructiferum,
3542 1555 3632 1633 u.

1090 1732 1349 1801 Radia:
1431 1727 1869 1822 capillacea,
1962 1727 2051 1797 in
2140 1732 2432 1804 caulem
2506 1732 2803 1828 aliquot
2892 1733 3102 1806 fibris
3194 1736 3631 1813 ascendens.

836 1869 1098 1943 caulis
1144 1865 1386 1937 lineas
1442 1883 1590 1937 tres
1645 1861 1739 1933 ad
1792 1863 2227 1938 octodecim
2279 1846 2511 1953 altus,
2580 1862 3040 1943 innovando
3093 1896 3439 1946 ramosus
3509 1900 3633 1947 eo-

830 2023 981 2098 que
1045 2000 1130 2070 in
1197 2016 1400 2071 statu
1469 2021 1511 2070 e
1579 1997 1837 2072 medio
1909 1998 2274 2087 fructifer.
2422 2007 2638 2077 Folia
2705 1982 2967 2081 minus
3039 2008 3309 2097 densa,
3384 2030 3632 2099 ovata,

802 2132 1147 2231 ‘cuspide
1201 2132 1435 2215 brevi,
1491 2132 2093 2234 submarginata,
2159 2130 2685 2237 integerrima,
2747 2128 3019 2239 parum
3091 2171 3461 2236 concava3
3538 2150 3632 2227 iu

829 2272 1044 2344 caule
1108 2285 1372 2353 erecta,
1425 2265 1512 2336 in
1573 2267 1807 2338 ramis
1874 2273 2331 2358 remotiora,
2402 2280 2623 2370 quasi
2690 2281 2998 2367 alterna,
3075 2287 3344 2378 paullo'
3391 2302 3632 2385 angu-

825 2408 1062 2483 stiora
1113 2421 1193 2475 et
1245 2405 1916 2496 erecto-patentia,
1973 2430 2295 2480 amoene
2356 2409 2634 2488 viridia
2647 2440 2673 2498 3
2733 2434 2972 2491 nervo
3021 2407 3321 2493 virente
3374 2421 3470 2491 in·
3511 2422 3631 2493 iu·
3675 2469 3688 2474 -

826 2539 1216 2624 nioribus,
1300 2532 1735 2633 ferrugineo
1806 2537 1894 2610 in
1965 2540 2558 2628 vetustioribus;
2645 2571 2931 2637 crasso,
3008 2557 3406 2652 cuspidem
3470 2558 3657 2633 sor·

824 2695 1086 2754 mante
1139 2673 1246 2744 ita
1297 2688 1576 2758 tamen,
1628 2690 1735 2760 ut,
1791 2672 1886 2745 ad
1931 2672 2224 2769 apicem
2279 2675 2457 2767 fere,
2517 2704 2671 2754 una
2723 2688 2848 2757 vel
2900 2662 3129 2763 altera
3184 2697 3455 2770 cellula
3497 2722 3628 2798 pa-

826 2809 1342 2904 renchyrnatis
1390 2808 1771 2906 cingatur:
1828 2809 2130 2883 reticuli
2203 2814 2358 2885 laxi
2424 2819 2696 2892 areolis
2752 2821 3320 2919 subquadratis,
3378 2836 3627 2909 conti-‘-

822 2951 1015 3053 guis.
1129 2951 1379 3020 Flores
1421 2949 1741 3016 masculi*
1777 2946 2225 3043 plerumque
2290 2929 2376 3023 in
2431 2977 2570 3028 suo
2647 2962 2855 3031 caule
2913 2961 3235 3053 minori,
3328 2972 3464 3042 sed
3547 2994 3624 3048 et

814 3089 986 3184 ipso
1058 3084 1516 3166 innovante,
1608 3082 2051 3153 substellati.
2180 3090 2617 3164 Perichaetiz‘
2683 3113 2987 3170 extema
3039 3096 3255 3200 folia
3323 3108 3620 3185 circiter

818 3219 1249 3303 duodecim,
1309 3216 1632 3288 caulinis
1684 3217 1944 3312 paullo
2001 3223 2480 3317 angustiora3
2534 3208 2899 3308 interiora
2952 3255 3279 3334 quatuor
3331 3248 3454 3318 vel
3486 3273 3619 3324 sex
3721 3281 3732 3288 ’

818 3360 1054 3453 duplo
1114 3354 1436 3438 minora,
1495 3354 2236 3443 ovato-acuminata,
2294 3364 2811 3458 conniventia,
2885 3373 3260 3462 brunnea,
3328 3379 3615 3460 nitida=

812 3492 1096 3566 intimo
1173 3511 1334 3560 uno
1399 3489 1731 3560 alterove
1801 3491 2080 3562 enervi.
2199 3499 2581 3575 Antlzerae
2643 3531 2685 3575 a
2754 3531 3079 3581 numero
3153 3514 3451 3587 senario
3517 3520 3612 3592 ad

810 3621 1316 3707 vicenarium*
1341 3623 1661 3713 variant,
1729 3626 2139 3726 oblongae,
2216 3641 2906 3738 curvato-gibbae,
2996 3672 3037 3719 e
3099 3648 3307 3721 luteo
3381 3653 3615 3729 brun·
3715 3621 3722 3629 .

811 3775 1049 3849 neae,‘
1076 3759 1534 3833 subsessiles.
1643 3764 2117 3867 Paraphyses
2186 3771 2576 3866 copiosae,
2643 3781 2901 3872 paullo
2965 3783 3393 3882 longiores,
3467 3792 3619 3867 fili.

813 3900 1122 3983 formeS,
1173 3895 1642 3985 tenerrimae,
1690 3900 2002 3974 albidae.
2152 3911 2584 3985 Perit-huetii
2636 3908 2955 4014 feminei
3000 3917 3219 4021 folia
3287 3931 3609 4008 caulinis
3695 3985 3702 3994 -

720 4135 731 4142 ι
820 4035 1129 4118 similia,
1186 4031 1319 4105 sed
1365 4033 1824 4132 angustiora,
1881 4037 2246 4113 interiora
2299 4044 2625 4138 quatuor
2678 4051 3005 4125 dimidio
3076 4035 3232 4131 fere
3284 4064 3604 4142 minora.

738 4263 743 4270 .
829 4171 1229 4270 Vaginula
1281 4187 1524 4256 ovata,
1581 4166 2031 4269 ferruginea.
2141 4185 2361 4254 Setae
2402 4155 3027 4279 sesquiuncialeS,
3081 4214 3385 4288 erectae,
3436 4205 3608 4276 sub-

822 4308 1224 4396 flexuosae,
1269 4305 1482 4404 apice
1533 4327 1900 4403 curvatae,
1954 4314 2291 4391 siccitate
2341 4340 2613 4416 parum
2662 4324 2993 4414 tortiles,
3064 4329 3293 4408 rufae.
3415 4339 3608 4416 ‘The-
