4290 5372
814 663 957 734 158
1660 619 1991 700 ‘Neckera
2072 640 2192 709 23.
2253 619 2649 714 hipinnata.

800 826 1251 912 -lanceolatis
1301 816 1634 897 recurvis
1680 787 1904 913 ‘apice
1963 811 2371 898 serrulatis‚
2443 805 2651 885 costa
2696 801 2989 907 integra
3043 805 3357 896 notatis,
3413 797 3626 880 flori-i

812 975 965 1048 bus
1007 959 1535 1039 terminalibus
1589 954 1878 1029 Palisot
1925 948 2303 1026 Beauvois
2350 948 2711 1046 Aetheog.
2779 972 2855 1045 p.
2912 969 3032 1039 73.
3097 933 3402 1022 {ridetur
3454 944 3625 1017 Tri..

816 1112 1324 1184 chostomum.

1018 1238 1355 1315 Neckera
1425 1232 1692 1303 sericea
1767 1225 1971 1299 Brid.
2035 1223 2336 1295 muscol
2388 1219 2635 1315 suppl.
2698 1224 2792 1290 11.
2840 1244 2911 1313 p.
2964 1234 3090 1310 40.
3162 1243 3203 1290 a
3263 1214 3623 1290 Neckeris

790 1376 1167 1484 *generice
1216 1366 1515 1443 differt:
1564 1389 1730 1437 non
1786 1359 1996 1439 enim
2042 1358 2217 1430 cilia
2296 1354 2652 1428 dentibus
2708 1354 3143 1451 peristomii
3195 1354 3621 1441 intersunt,

796 1518 959 1596 ‚sed
1009 1505 1541 1618 peristomium
1594 1501 1923 1596 simplex
1974 1513 2113 1582 est,·
2159 1496 2421 1572 dentes
2481 1508 2735 1563 autem
2807 1517 2849 1563 e
2901 1490 3196 1587 duplici
3253 1489 3629 1562 membra-

823 1681 950 1743 na,
1009 1652 1235 1723 altera
1290 1640 1642 1726 coriacea‚
1700 1637 1929 1712 altera
1980 1630 2547 1708 membranacea
2603 1643 3197 1724 componuntur,
3252 1627 3359 1699 ita
3402 1643 3508 1710 ut,
3557 1621 3628 1696 si

790 1839 801 1850 ,
822 1789 1155 1870 interior
1203 1798 1460 1851 tenera
1515 1771 1954 1845 membrana
2011 1766 2253 1852 senio,
2308 1764 2556 1838 nimia
2611 1767 3013 1845 iuventute
3070 1782 3202 1846 aut
3237 1833 3246 1844 ,
3278 1762 3629 1840 observa-

746 1989 751 1992 .
825 1928 1021 2003 toris
1077 1915 1403 2026 quadam
1463 1904 1835 1982 violentia
1877 1902 1971 1974 ab
2039 1899 2411 1974 exteriore
2463 1903 2892 1988 secesserit,
2944 1901 3109 1973 fieri
3171 1898 3453 1996 p‘ossit.
3543 1910 3632 1964 ut

830 2056 1190 2136 dentibus
1240 2040 1793 2148 membranacei
1846 2036 2037 2136 quid
2089 2036 2637 2143 interpositum
2690 2061 2853 2111 esse
2904 2028 3269 2111 videatur.
3375 2030 3630 2104 Huius

828 2188 1223 2271 interioris
1276 2182 1756 2258 membranae
1813 2173 2136 2272 vestigia
2191 2174 2557 2270 expressit
2602 2165 3000 2248 ‘accuratus
3068 2168 3632 2267 iconographus

794 2326 1167 2425 ‘Ludwig
1242 2322 1327 2395 in
1392 2319 1618 2390 icone
1685 2309 2118 2412 peristomii
2185 2311 2628 2411 pterogonii
2697 2315 3053 2410 repentis,
3122 2305 3331 2410 quod
3400 2302 3686 2375 huius·

829 2465 1213 2546 Neckerae
1267 2455 1662 2535 simulatae
1714 2469 1986 2524 verum
2038 2472 2331 2522 nomen
2386 2465 2521 2521 est.

1044 2610 1384 2690 Neckera
1455 2608 1816 2704 decipiens
1879 2602 2100 2675 Web.
2175 2600 2429 2672 Mohr.
2494 2617 2731 2697 crypt.
2808 2621 3038 2699 germ.
3097 2620 3169 2693 p.
3233 2610 3403 2685 241.
3471 2588 3641 2688 pari

841 2770 1251 2851 structura,
1350 2746 1436 2816 in
1502 2741 1952 2841 peristomio
2021 2737 2357 2836 simplici
2420 2736 2700 2824 utitur,
2787 2755 2861 2808 et
2921 2736 3068 2806 hoc
3124 2730 3446 2833 ‘quidem
3505 2751 3643 2823 pe—

841 2893 1115 2969 culiare
1169 2884 1414 2969 habet,
1476 2881 1683 2979 quod
1731 2881 2178 2995 plerumque
2228 2892 2532 2947 externa
2583 2874 3017 2945 membrana
3084 2867 3444 2963 operculo
3516 2864 3644 2971 de-

844 3048 1059 3103 truso
1119 3017 1456 3136 aufertur
1515 3035 1588 3089 et
1638 3017 1936 3088 interna
1994 3015 2155 3086 sola
2210 3012 2351 3084 sub
2408 3009 2758 3103 dentium
2797 3005 3225 3078 albidorum
3273 2962 3646 3074 membra·

847 3182 1263 3240 naceorum
1344 3154 1592 3227 forma
1671 3169 2051 3236 remanet3
2142 3148 2276 3221 sed
2367 3147 2529 3219 ubi
2583 3148 2796 3216 theca
2865 3140 3196 3239 perfecte
3263 3135 3638 3220 adolevit,

846 3304 1110 3376 dentes
1164 3290 1594 3387 peristomii
1649 3307 1862 3360 extus
1912 3268 2231 3360 coriacei
2280 3281 2706 3379 trabiculati
2759 3278 3111 3363 brunnei‚
3167 3277 3377 3346 intus
3411 3296 3647 3344 mem-

844 3427 1192 3513 branacei
1247 3423 1482 3497 albidi
1529 3438 1728 3493 sunt.
1835 3427 2040 3491 Haec
2085 3422 2424 3490 Neckera
2494 3421 2856 3513 decipiens
2930 3431 3041 3487 est
3102 3410 3647 3509 pterogonium

854 3590 930 3647 et
980 3563 1291 3663 quidem
1342 3558 1811 3656 ipsissimum
1860 3571 1967 3650 pt.
2022 3551 2448 3657 filiforme,
2519 3577 2701 3623 nam
2774 3549 2994 3638 folia,
3070 3566 3259 3645 quae
3316 3544 3651 3640 abrupti-

856 3702 1121 3784 ne‘rvia
1184 3683 1794 3767 dicunt'autores
1850 3691 1992 3778 illi,
2060 3715 2225 3763 non
2273 3702 2466 3763 'vere
2538 3710 2900 3773 nervum,
2986 3684 3118 3757 sed
3191 3682 3657 3780 quandoque

856 3846 1139 3947 plicam
1189 3831 1407 3903 nervi
1460 3834 1857 3917 aemulam,
1910 3845 1987 3899 et
2046 3827 2343 3925 saepius
2397 3827 2594 3898 hanc
2660 3825 2909 3920 ipsam
2977 3822 3274 3892 nullam
3344 3820 3654 3891 habent.

856 3990 1077 4060 Hanc
1163 3967 1774 4046 observationem
1851 3989 2018 4065 non
2097 3966 2354 4038 solum
2418 3962 2504 4032 in
2573 3963 2769 4057 ipso,
2849 3986 2889 4032 a
2957 3957 3267 4029 Mohrio
3320 3958 3680 4063 palpate,⁸

863 4111 1190 4208 caespite
1244 4103 1685 4189 Florkiano,
1742 4101 1873 4173 sed
1919 4101 2005 4171 in
2049 4104 2306 4197 planta
2372 4121 2805 4188 synonyma
2865 4094 2959 4164 ad
3012 4091 3297 4186 lapides
3366 4091 3657 4186 alpium

868 4248 1431 4331 Austriacarum
1480 4228 1913 4331 frequenter
1962 4237 2203 4337 lecta,
2236 4249 2310 4305 et
2361 4231 2449 4302 in
2498 4228 2798 4326 vulgari
2826 4228 3204 4318 Sudetico,
3254 4227 3661 4303 Franconi-

871 4399 1114 4489 c'oque
1164 4372 1624 4479 pterogonio
1665 4367 2044 4476 filiformi
2093 4366 2386 4466 repetii.
2952 4373 2956 4376 ’
