4290 5372
505 3016 522 3033 δ’

359 3048 494 3219 NK

840 737 989 809 31⁰
1381 707 1872 790 Polytriclzum
1934 723 1995 773 1.
2053 701 2570 796 iuniperinum.
2646 722 2717 773 2.
2766 705 3100 795 alpe-stre.

909 910 1029 1008 *In
1087 898 1301 975 silvis
1370 916 1446 970 et
1520 896 1845 968 collibus
1911 893 2358 966 siccioribus
2433 890 2690 964 omnis
2752 895 3102 985 Europae
3169 908 3244 964 et·
3314 890 3638 968 borealis

1037 1035 1470 1118 Americae3
1526 1057 1703 1103 vere
1761 1048 2168 1103 maturum.
2276 1036 2362 1114 u.

1041 1190 1391 1283 Calyptra
1449 1210 1632 1268 cana
1707 1201 1782 1256 et
1847 1180 2251 1277 pallidior,
2340 1203 2570 1274 quam
2640 1194 3106 1251 caeterorum
3181 1178 3647 1274 polytricho.

834 1354 1051 1415 rum,
1103 1322 1428 1422 quadam
1482 1319 1928 1428 glaucedine
1985 1315 2249 1399 tincta,
2308 1314 2621 1411 longior
2670 1338 2900 1408 quam
2952 1314 3123 1402 lata,
3178 1314 3340 1386 basi
3387 1315 3645 1407 paullo

846 1463 1214 1559 amplior3
1281 1439 1495 1529 theca
1531 1423 1749 1550 saepe
1785 1470 2066 1523 nutans
2099 1419 2176 1521 et
2234 1448 2452 1543 quasi
2507 1427 2855 1534 infracta,
2914 1407 3347 1543 peristomii
3394 1448 3655 1519 dentes

840 1606 979 1689 64,
1034 1593 1326 1679 obtusi,
1386 1591 1641 1694 albidi.
1751 1586 2004 1660 Variat
2050 1581 2626 1681 magnitudine,
2681 1608 2848 1657 non
2904 1609 3086 1656 vero
3140 1586 3476 1681 partium
3531 1584 3655 1656 in.

842 1753 962 1808 ter
1015 1757 1094 1805 se
1155 1713 1553 1802 obtinente
1602 1723 1920 1796 ratione.
2059 1719 2244 1789 Eius
2316 1716 2575 1788 minor
2624 1718 2946 1792 varietas
3010 1721 3289 1794 dicitur
3345 1747 3386 1793 a
3454 1743 3658 1792 non-

846 1870 1089 1945 nullis
1142 1841 1556 1972 bryo'logis-
1588 1885 1662 1955 p.
1721 1878 2121 1927 canescens.

1049 1999 1576 2093 Polytrichum
1629 1996 1968 2065 strictum
2013 1979 2430 2057 Menziesii
2477 2001 2615 2058 act.
2665 2010 2816 2058 soc.
2872 1988 3101 2059 Linn.
3151 1987 3399 2059 Lond.
3454 2001 3525 2077 4.
3573 2010 3649 2081 p.

737 2140 746 2149 ’
849 2164 970 2236 77.
1023 2156 1076 2211 t.
1146 2159 1212 2225 7.
1266 2134 1317 2206 f.
1381 2157 1443 2204 1.
1503 2127 1924 2203 secundum
1973 2119 2395 2217 specimina
2458 2146 2498 2191 a
2559 2118 2933 2195 Swartzio
2992 2124 3267 2210 missa,
3353 2120 3651 2194 videtur

846 2303 1015 2355 non
1069 2268 1404 2353 differre,
1458 2265 1621 2360 ipsa
1678 2261 1864 2333 adeo
1924 2255 2242 2329 directio
2295 2255 2673 2336 foliorum
2729 2259 2991 2329 eadem
3045 2275 3196 2344 est;
3252 2258 3383 2330 sed
3438 2256 3504 2326 si
3553 2253 3652 2325 ad

845 2390 1156 2508 iconem
1211 2422 1285 2476 et
1334 2398 1809 2473 mentionem
1871 2391 2203 2465 tomenti
2261 2391 2691 2468 caulinirin
2760 2394 3271 2490 descriptione
3316 2390 3658 2490 Menzie-

850 2550 953 2626 sii
997 2541 1362 2640 respici0,
1414 2539 1595 2608 haec
1642 2532 1917 2605 melius
1973 2528 2334 2625 quadrare
2386 2529 2748 2601 videntur
2803 2554 2978 2600 cum
3024 2555 3097 2625 p.
3153 2519 3388 2622 affini.

1058 2675 1437 2754 Bridelius
1510 2690 1851 2745 auctores
1920 2665 2296 2739 foliorum
2369 2665 2889 2739 membranam
2964 2665 3353 2736 reductam
3427 2684 3655 2757 quam

859 2818 1049 2894 dicit
1091 2810 1512 2910 neglexisse
1566 2808 1709 2880 ait:
1779 2804 1912 2879 sed
1967 2801 2313 2874 Menzies
2368 2802 2455 2872 in
2509 2825 2643 2874 sua
2689 2800 2980 2896 phrasi,
3051 2823 3278 2894 quam
3329 2795 3654 2892 plurimi

853 2930 1318 3033 mutuavere,
1372 2944 1564 3015 bene
1611 2941 1703 3013 de
1744 2940 1890 3047 hac
1930 2953 2117 3010 nota
2151 2936 2485 3033 scripsit:
2540 2935 2752 3041 foliis
2805 2933 3272 3033 marginibus
3327 2933 3653 3005 inflexis.

858 3170 930 3219 2.
988 3159 1440 3217 Azrsss‘rmz,
1496 3128 2064 3211 subramosum,
2121 3121 2336 3196 foliis
2390 3119 2905 3195 erectiusculis
2963 3108 3301 3216 margine
3354 3114 3655 3189 inflexis

1060 3264 1568 3368 integerrimis
1609 3268 1825 3336 'costa
1878 3257 2341 3345 subscabris,
2416 3259 2635 3328 theca
2682 3254 3255 3351 appendiculata
3312 3252 3655 3324 cuboide.

969 3434 1050 3502 P.
1113 3427 1429 3518 alpe-stre
1469 3417 1773 3488 surculo
1813 3434 2142 3497 ramoso,
2196 3409 2409 3480 foliis
2459 3404 3258 3480 sessilibus-confertis
3311 3404 3658 3499 linguae-

1045 3553 1443 3633 ·formibus
1506 3546 1955 3629 acuminatis
2018 3543 2577 3642 integerrimis,
2665 3538 3055 3638 sporangii
3118 3538 3491 3633 apophysi
3551 3538 3664 3608 di·

1079 3695 1388 3773 stincta,
1460 3684 1816 3782 operculo
1869 3703 2252 3776 purpureo
2308 3692 2659 3749 rostram.
2797 3681 3076 3771 Hoppe
3128 3676 3481 3746 manuale
3533 3674 3668 3745 bo·

1075 3851 1228 3904 tan.
1293 3846 1507 3912 1301.
1560 3848 1632 3917 p.
1699 3840 1863 3913 193.
1970 3811 2447 3889 Sturm.flor.
2502 3818 2846 3884 German.
2905 3827 3141 3906 crypt.
3197 3808 3375 3881 fasc.
3438 3829 3503 3895 5.
3600 3904 3605 3911 .

978 3993 1059 4061 P.
1117 3972 1345 4077 affine
1397 3974 1613 4046 Funlt
1663 3974 1749 4042 in
1800 3977 2052 4065 Hopp.
2105 3992 2307 4040 man.
2363 3966 2521 4038 bot.
2582 3982 2795 4053 1302.
2848 3991 2922 4059 p.
2979 3981 3104 4053 43.
3158 3980 3233 4035 et
3283 3960 3367 4031 in
3426 3962 3665 4056 plant.

1086 4131 1324 4210 crypt.
1381 4109 1654 4209 exsioe.
1705 4106 1991 4177 montis
2049 4103 2370 4213 pin-iferi
2419 4102 2597 4174 fasc.
2660 4125 2773 4172 12.
2827 4094 3128 4185 n.‘25'1.

980 4275 1065 4343 1’.
1120 4269 1405 4366 gracile
1450 4260 1843 4333 Blandow.
1902 4276 1977 4329 et
2029 4257 2139 4326 ill.
2197 4254 2507 4339 Schultz
2560 4253 2646 4323 in
2697 4252 2848 4325 litt.

981 4430 1042 4497 P
1096 4422 1429 4494 strictum
1478 4411 1843 4490 Schleich.
1901 4424 2138 4503 crypt.
2192 4408 2412 4482 Helv.
2470 4400 2735 4476 exsicc.
