4290 5372
1747 640 2002 711 Palatia
2076 639 2135 729 .†
2183 637 2555 715 inclinata,
2622 647 2625 653 ’
3171 740 3176 745 .
3314 668 3330 695 s
3444 669 3542 738 73

874 836 889 845 '
947 836 1209 933 fig.‘5.
1294 828 1682 928 superius,
1796 850 1863 916 7.
1902 827 2344 925 ·vaginula,
2405 835 2685 925 augm.'
2747 834 2820 900 ·1.-
2980 829 3104 928 fig.
3165 837 3238 906 6.
3320 833 3537 932 'apex

941 969 1125 1043 folii
1225 992 1473 1065 augm.
1564 973 1689 1040 IV.
1848 964 1973 1062 fig.
2071 984 2138 1051 8.
2221 963 2654 1059 peristomii
2765 965 3098 1057 externi,
3254 994 3321 1061 9.
3418 970 3534 1043 in.

939 1103 1145 1176 terni
1199 1129 1396 1201 pars,
1480 1125 1644 1176 ,10.
1712 1096 2012 1174 fimbria
2083 1108 2332 1197 augim-
2405 1106 2527 1176 IV.
2613 1111 2620 1117 ’
2670 1100 2828 1201 Fig.
2903 1125 3016 1178 u.
3071 1104 3533 1198 Opercmum

943 1258 1196 1338 augm.
1252 1244 1343 1312 11.
2088 1250 2095 1281 ³
2365 1248 2374 1257 ’
2419 1252 2424 1261 ’
3259 1249 3264 1255 ’
3483 1273 3494 1280 ·

734 1430 792 1521 †
835 1438 1349 1510 mchA‘u,
1401 1383 1619 1494 caule
1652 1418 2179 1516 subsimplici,
2234 1418 2447 1496 foliis
2520 1423 2712 1498 laxis
2777 1422 3022 1495 ovatis
3103 1406 3542 1523 cuspidatis,

938 1567 1155 1637 theca
1206 1558 1639 1660 pyriformi,
1692 1558 2053 1653 operculo
2108 1560 2669 1631 mucronulato.
2727 1528 2904 1630 Tab.
2961 1564 3287 1639 LXIII.

835 1749 1103 1823 Pohlia
1152 1752 1509 1821 inclinata
1580 1743 1793 1816 foliis
1838 1714 2113 1816 ovatis
2181 1745 2669 1830 acuminatis,
2751 1746 3075 1839 capsulis
3149 1746 3540 1824 obconicis

834 1932 841 1939 -
938 1886 1257 1958 cernuis.
1315 1889 1621 1956 swartz.
1680 1879 1963 1976 dispos.
2019 1890 2258 1954 11111εο4
2311 1887 2554 1953 81100.-
2538 1896 2651 1974 -.p
2707 1894 2811 1970 44
2868 1876 2943 1952 et
3007 1880 3127 1977 9.6
3258 1871 3277 1889 '
3381 1880 3388 1887 ”

830 2072 1119 2147 Leskea
1174 2073 1531 2143 inclinata
1584 2064 1805 2138 Web.
1867 2081 1941 2135 et
1982 2063 2247 2139 ,Mohn
2305 2080 2543 2161 crypt.
2605 2040 2847 2138 Germ.
2897 2088 2972 2161 p.
3025 2082 3198 2159 244.
3251 2085 3528 2164 01:432,

928 2202 1258 2280 ‘exclusis
1308 2203 1747 2297 Blandowii
1799 2197 2368 2299 speciminibus.

804 2339 924 2466 111
978 2391 1242 2464 Suecia
1291 2360 1485 2484 legit
1537 2393 1846 2468 swartz‚
1906 2379 1995 2450 in
2051 2344 2440 2452 carinthia
2487 2377 2832 2452 Wulfen.
2891 2364 2978 2468 11.
3015 2332 3018 2339 μ

894 2578 1199 2646 -Radiae
1250 2567 1595 2644 basilaris'
1647 2582 1723 2638 et
1772 2565 2205 2661 paullulum
2261 2564 2692 2640 ascendens.
2829 2573 3086 2645 caulis
3145 2532 3526 2657 innovan-

729 2711 826 2786 do
879 2734 1246 2785 ramosus.
1360 2710 1578 2779 Folia
1626 2701 2377 2788 ovato-acuminata,
2431 2726 2668 2780 nervo
2725 2708 3150 2802 cuspidem,
3204 2738 3365 2789 uno
3421 2723 3527 2795 31.

727 2869 984 2923 terove
1030 2849 1260 2919 dente
1312 2844 1715 2925 instructo,
1775 2813 2288 2937 integerrima.
2416 2842 2669 2912 Flores
2737 2845 3172 2920 terminales
3231 2851 3524 2930 herma..

725 2984 1090 3083 phroditi,
1147 2981 1363 3054 foliis
1417 2977 1901 3050 caulinorum
1956 2973 2374 3056 similibus,
2445 2975 2777 3047 authoris
2841 2980 3306 3080 pistillisque
3379 2991 3538 3064 cir-'

727 3123 916 3198 citer
977 3121 1241 3189 decem
1290 3132 1364 3184 et
1409 3097 1956 3208 paraphy-sibus
2010 3106 2523 3181 ffliformibus.
2645 3109 2886 3181 Theca
2940 3118 3387 3208 pyriformis
3445 3144 3523 3199 et

727 3256 1042 3354 quidem
1088 3273 1256 3320 non
1324 3248 1690 3341 elongata.
1831 3247 2349 3317 Peristomium
2417 3241 2506 3310 in
2579 3245 3126 3337 speciminibus
3190 3257 3558 3334 Suecicie

727 3391 1111 3489 operculo,
1169 3405 1296 3457 aut
1359 3384 1751 3454 internum
1804 3392 2115 3450 externo
2195 3377 2746 3474 agglutinatur,
2806 3383 2914 3455 ita
2981 3402 3068 3457 ut
3137 3387 3518 3472 difficilius

723 3527 1193 3624 inquiratur:
1258 3538 1514 3592 tamen
1574 3516 1741 3589 vidi
1810 3491 1909 3585 in*
1962 3514 2312 3609 pluribus
2381 3515 2619 3586 thecis
2685 3518 3221 3611 peristomium
3289 3529 3519 3606 inter.

724 3690 919 3738 num
984 3657 1338 3733 dentibus
1388 3652 1853 3738 lanceolatis,
1900 3650 2309 3737 lacunosis‚
2356 3650 2776 3723 interiectis
2828 3657 3294 3737 brevissimis
3329 3668 3518 3743 duo.

726 3803 869 3875 bus
937 3794 1230 3870 cellulis
1282 3790 1703 3887 apiculatis,
1774 3813 1966 3886 quae
2020 3787 2375 3858 ciliorum
2446 3787 2714 3861 rudera
2787 3760 3188 3888 simulant,
3268 3823 3359 3876 ut
3427 3809 3516 3887 in

726 3938 950 4012 icone
998 3949 1261 4004 nostra
1307 3927 1567 4000 videre
1615 3943 1744 3997 est.
1848 3926 2193 3997 Annulus
2249 3921 2532 4017 duplex
2574 3924 2661 3995 in
2715 3931 3077 4007 omnibus
3132 3937 3357 4015 adest.
3427 3944 3436 3950 ’

774 4111 846 4154 ”³
930 4102 1217 4181 Similis
1274 4097 1585 4195 quidem
1658 4110 1771 4167 est
1833 4094 2016 4165 haec
2087 4094 2348 4188 planta
2424 4081 2787 4170 Web'erae
2845 4102 2938 4189 (s.
2992 4109 3236 4199 Bryu)
3300 4116 3513 4191 inter·

724 4246 1012 4320 mediae
1025 4270 1059 4324 ,-
1115 4239 1247 4313 sed
1318 4253 1500 4308 sunt
1565 4251 1824 4306 tamen
1876 4230 2265 4328 ‘quaedam
2322 4250 2590 4320 notae,
2661 4234 2939 4331 quibus
3019 4239 3510 4333 discernitur:
3593 4221 3596 4222 f

730 4387 813 4477 1)
866 4383 1081 4455 theca
1170 4400 1340 4450 non
1420 4367 2285 4471 elongato-pyriformis
2356 4387 2471 4443 est
2532 4385 2610 4442 et
2692 4395 2821 4444 ore
2883 4398 3049 4449 non
3118 4381 3517 4466 dimidiam

2704 4514 2773 4581 K
3201 4513 3206 4518 ,
