4290 5372
1207 674 1692 769 polytrichum
1748 684 1868 759 95.
1927 656 2387 738 ’ὕπ’ἅιιῖαίιινη.
2438 666 2561 740 96.
2615 664 3111 758 αηξιιείαίιιὴιὲ
3402 693 3549 767 331

719 873 916 947 “culo
975 867 1336 965 bryorum
1397 887 1626 960 quam
1683 850 2311 955 polytrichorum
2347 870 2478 926 est.
2587 859 3376 945 Danturcommunis
3416 870 3553 942 ”va-

711 981 1030 1087 ⁴rietatis
1089 1002 1545 1102 specimina,
1610 993 1862 1091 qualia
1911 1015 2154 1087 prope
2208 989 2558 1061 Meudon
2609 991 2912 1063 Parisiis
2963 995 3152 1092 legit
3203 999 3549 1094 Richard,

741 1166 931 1242 quae
984 1141 1174 1214 folia
1226 1138 1382 1209 fere
1434 1128 1822 1227 sequentis
1878 1125 2202 1221 speciei,
2256 1126 2391 1220 sed
2438 1126 2762 1197 omnino
2816 1129 3203 1220 habitum,
3258 1138 3555 1215 thecam

743 1298 819 1352 et
868 1301 1197 1350 nervum
1250 1272 1595 1344 undulati
1647 1262 1950 1348 habent,
2007 1285 2261 1357 neque
2315 1279 2574 1334 tamen
2632 1261 3041 1334 transitum
3104 1266 3190 1337 in
3243 1292 3559 1368 sequen.

677 1452 684 1457 ·
733 1433 894 1493 tem
935 1411 1266 1508 speciem
1300 1400 1603 1477 admitti
1638 1400 1929 1473 sinunt.
2009 1397 2341 1470 Varietas
2377 1394 2470 1486 β)
2517 1395 2920 1467 humiliori
2965 1402 3176 1472 caule
3222 1420 3296 1473 et
3337 1407 3546 1482 theca

732 1548 949 1625 brevi
1003 1572 1042 1618 a
1098 1534 1499 1615 communi
1548 1537 1917 1607 undulato
1973 1530 2191 1602 valde
2244 1528 2561 1613 recedit,
2626 1529 2760 1600 sed
2811 1529 3024 1605 foliis
3077 1537 3261 1635 huic
3313 1542 3551 1618 simil..

737 1686 925 1759 lima
979 1697 1094 1752 est
1143 1694 1220 1749 et
1271 1674 1528 1744 thecae
1587 1665 1938 1740 formam·
1973 1688 2139 1739 non
2193 1664 2302 1738 ita
2355 1681 2793 1738 constanter
2857 1670 3173 1761 servat.
3228 1693 3322 1751 ut
3376 1703 3545 1778 spe-

742 1817 887 1903 ciei
937 1795 1105 1891 iura
1160 1807 1521 1907 postulet.

738 2025 856 2100 96.
915 2036 1513 2096 ancona-rum,
1573 2006 1899 2103 simplex
1949 1998 2164 2078 foliis
2218 2002 2607 2076 tortilibus
2645 1971 3093 2098 uncinatis,
3148 2013 3362 2090 theca
3419 2045 3539 2115 cy·
3671 1958 3795 2077 l!

939 2151 1264 2224 lindrica
1328 2146 1683 2232 curvula,
1753 2144 2089 2238 calyptra
2142 2140 2418 2237 glabra.

837 2330 924 2414 P.
977 2336 1506 2423 angustatum,
1558 2330 1835 2409 trunco
1880 2307 2497 2405 simplicissimo,
2542 2306 2756 2381 foliis
2792 2310 3207 2413 linearibus
3258 2324 3542 2400 carina-

787 2460 790 2465 ’
889 2470 894 2477 ’
942 2459 1044 2530 tis
1101 2456 1398 2528 serratis
1445 2446 1838 2522 undulatis
1893 2444 2325 2529 tortilibus,
2375 2444 2676 2537 capsula
2728 2447 3115 2524 suberecta
3162 2461 3540 2555 angustis.

945 2595 1137 2667 sima
1194 2589 1610 2684 cylindrico
1645 2597 1990 2655 arcuata.
2097 2579 2301 2652 Brid.
2358 2580 2673 2650 muscol.
2730 2589 2977 2680 suppl.
3041 2611 3102 2659 1.
3161 2615 3233 2684 p.
3294 2614 3411 2681 73.

785 2771 790 2774 ·
839 2739 1129 2824 Bryum
1189 2725 1524 2822 iuniperi
1575 2721 1785 2794 foliis
1825 2716 2187 2817 rugosis,
2254 2715 2584 2810 capsulis
2640 2719 3108 2796 rectioribus.
3248 2728 3534 2808 Diuen.

935 2891 1171 2938 muso.
1224 2889 1297 2959 p.
1353 2865 1521 2948 362.
1570 2874 1624 2928 t.
1676 2851 1797 2947 46.
1853 2852 1908 2926 f.
1970 2878 2083 2947 ¹9·
2140 2878 2181 2924 e
2228 2856 2576 2923 Turnero
2630 2876 2865 2925 muse.
2912 2855 3230 2946 Hibern.
3282 2891 3356 2960 p.
3419 2894 3536 2964 92,
3684 2873 3715 2884 ““

834 2999 1358 3093 Polytrichum
1391 2998 1840 3068 undulatam
1881 2994 2122 3059 minus
2152 2985 2519 3101 Michaux
2548 2985 2704 3059 flor.
2737 2987 2896 3061 bor.
2927 2990 3095 3062 Am.
3137 3016 3206 3063 2.
3238 3021 3314 3089 p.
3349 3024 3521 3093 295,

834 3145 924 3211 In
988 3134 1385 3210 Car-olinae
1450 3122 1797 3198 humosis
1854 3122 1945 3191 cl.
1999 3127 2233 3232 Bos03
2295 3117 2381 3187 in
2447 3119 2933 3191 Pensilvania
2999 3127 3530 3233 Miihlenberg,

936 3274 1023 3344 in
1075 3261 1581 3342 Neomarchia
1629 3260 1915 3329 lectum
1967 3254 2075 3325 ill.
2130 3249 2441 3327 Schultz
2494 3251 2783 3326 dedere.
2899 3263 2984 3343 u.

941 3443 1197 3525 Radix
1247 3427 1720 3507 tenuissimis
1787 3423 1998 3496 fibris
2053 3422 2202 3494 late
2256 3419 2345 3491 in
2388 3423 2629 3493 humo
2690 3413 3000 3499 arenosa
3057 3432 3529 3524 expanditur.

753 3581 1003 3655 caulis
1051 3539 1522 3648 semunciam
1577 3565 1809 3646 altus,
1863 3559 2224 3653 simplest,
2282 3573 2591 3629 erectus.
2698 3562 2907 3634 Folia
2952 3564 3306 3653 linearia,
3361 3573 3532 3644 sub·

742 3714 1103 3798 carinata,
1168 3711 1541 3809 concava,
1594 3695 1816 3797 plicis
1875 3693 2320 3766 transversis
2389 3717 2430 3764 a
2484 3710 2692 3768 costa
2738 3698 2831 3767 ad
2877 3702 3301 3806 marginem
3354 3731 3531 3782 con-

741 3850 983 3922 tinnis
1039 3847 1445 3927 undulata,
1530 3834 1872 3932 margine
1936 3847 2010 3901 et
2078 3846 2282 3902 costa
2334 3828 2771 3905 acutissime
2816 3854 3127 3924 serrata,
3197 3807 3529 3918 siccitate

738 3987 1063 4070 tortilia,
1151 3971 1794 4055 lurido-viridiaz
1873 3971 2113 4040 nervo
2171 3967 2324 4038 lato
2345 3949 2389 4051 ,3
2451 3962 2625 4034 folii
2677 3965 3034 4042 trientem
3093 3943 3530 4071 occupante,

743 4121 1155 4204 continuo,
1210 4115 1435 4190 molli
1482 4129 1558 4185 et
1601 4131 1775 4181 acus
1828 4101 2219 4200 pressione
2274 4098 2731 4195 bipartibili,
2787 4100 3049 4178 fusco:
3107 4112 3375 4186 areolis
3427 4143 3539 4191 re·

746 4249 996 4330 ticuli'
1024 4250 1535 4332 circularibus,
1586 4240 2055 4341 aequalibus.
2196 4239 2526 4310 Masculi
2578 4236 2823 4309 caules
2877 4239 3171 4316 desunt'.
3309 4255 3541 4324 Femi-

758 4399 874 4470 na·
907 4391 1120 4467 floris
1171 4381 1610 4486 perichaetii
1643 4378 1832 4455 folia
1879 4371 2203 4450 caulinis
2248 4371 2552 4448 similia.
2670 4379 3065 4474 Vaginula
3099 4380 3370 4473 brevis,
3416 4411 3546 4464 an.-
