4290 5372
783 658 930 727 523
1380 628 1896 725 {Pol-ytriclcum
1951 648 2070 697 21.
2129 625 2386 694 tortile.
2440 646 2561 696 22.
2611 626 2991 698 cit-ratum.

1002 829 1178 898 Flos
1230 825 1599 892 masculus
1651 818 2033 895 maximus
2087 814 2244 886 fere
2292 814 2378 885 in
2432 816 2582 888 hoc
2634 839 2923 912 genere,
2980 814 3372 892 interdum
3423 847 3594 919 pro..

788 963 984 1039 lifer.
1113 961 1328 1030 Folia
1391 956 1820 1051 perichaetii
1872 953 2269 1050 quadrata,
2347 952 2816 1041 acuminata,
2882 979 3117 1028 nervo
3175 959 3590 1053 cuspidata,

792 1100 1183 1182 serrulam,
1247 1089 1747 1165 flavescentia.
1887 1090 2268 1162 Antherae
2315 1089 2792 1161 latescentcs.
2923 1094 3393 1193 Paraplayses
3450 1094 3594 1165 ffli-

791 1239 1100 1317 formes,
1157 1226 1671 1310 tenuissimae,
1725 1225 2170 1320 pellucidae,
2226 1225 2487 1297 minus
2542 1226 2893 1321 copiosae
2950 1254 3177 1324 quam
3223 1232 3593 1304 antherae.
3695 1249 3699 1253 ·

993 1363 1431 1468 specimina
1482 1366 2022 1461 Domingensis
2063 1378 2315 1433 exacte
2359 1363 2837 1437 conveniunt
2864 1388 3049 1435 cum
3085 1361 3596 1439 Swartzianis.

800 1604 923 1656 22.
987 1590 1468 1653 clnnATmu,
1551 1563 1759 1635 caule
1814 1560 2150 1656 simplici
2203 1576 2683 1654 tomentosO,
2773 1568 2987 1642 foliis
3050 1571 3440 1642 tortilibus
3504 1570 3601 1641 li-

1005 1707 1403 1791 nearibus,
1465 1701 1682 1772 theca
1736 1697 2125 1769 terminali
2179 1694 3057 1796 turbinato-cylindrica
3112 1707 3334 1779 laevi.

899 1864 984 1964 1².
1038 1889 1444 1986 cirratum,
1499 1871 1710 1944 caule
1762 1865 2138 1964 simplici,
2199 1865 2408 1939 foliis
2460 1868 2876 1947 linearibus
2931 1876 3261 1946 siccitate
3316 1900 3603 1948 convo-

991 2017 1187 2094 ‘lutis
1239 2008 1580 2083 incurvis
1634 2005 1989 2091 tortisve,
2048 2005 2350 2099 capsula
2408 2006 3286 2103 turbinato-cylindrica
3340 2027 3598 2083 erecta,

1000 2157 1292 2233 Swartz
1344 2149 1431 2219 in
1484 2144 1782 2220 Schrad.
1839 2141 2022 2214 diat.
2077 2141 2332 2221 botan.
2384 2159 2455 2234 4.
2507 2171 2582 2241 p.
2650 2152 2813 2235 176.
2868 2164 3048 2239 ¹³·-4·

895 2336 992 2405 In
1043 2322 1438 2400 montibus
1496 2313 1863 2389 coeruleis
1917 2313 2214 2388 insulae
2264 2320 2525 2402 Iavae,
2592 2338 2737 2386 nec
2787 2308 2873 2386 in
2927 2316 3201 2391 Africa.
3302 2329 3387 2404 u.

1004 2498 1260 2571 Radix
1310 2485 1704 2587 capillatis,
1729 2484 2024 2558 brevis.
2148 2488 2401 2557 Caulis
2444 2481 2878 2571 biuncialiS,
2938 2506 3250 2577 erectus,
3303 2508 3602 2566 tomen-

795 2656 880 2711 to
935 2632 1371 2731 ferrugineo
1441 2650 1480 2698 a
1545 2621 1709 2696 basi
1772 2623 2072 2718 aphylla
2139 2645 2383 2719 usque
2444 2618 2650 2691 inter
2719 2618 2906 2693 folia
2976 2640 3235 2701 tectus.
3383 2637 3598 2710 Folia

795 2794 1088 2870 sparsa,
1147 2760 1708 2862 approximata,
1770 2752 2609 2844 lanceolam-linearia,
2668 2729 3174 2849 subcarinata,
3239 2767 3601 2865 margini-

796 2911 941 2983 bus
1002 2922 1077 2979 et
1122 2903 1347 2995 dorso
1402 2911 1711 2984 serrata,
1803 2893 2312 2984 subsecunda,
2394 2893 2725 2982 tortilia,
2814 2896 3064 2993 glabra
3118 2915 3192 2971 et
3250 2905 3599 2997 paullum

795 3043 1125 3123 nitentia
1191 3041 1531 3111 brunnea
1601 3030 1848 3104 fusca:
1934 3055 2174 3102 nervo
2240 3031 2660 3127 conspicuo
2737 3049 2813 3103 et
2882 3035 3300 3110 substantia
3371 3061 3460 3113 ut
3512 3044 3601 3117 in

793 3180 1308 3284 praecedente.
1389 3216 1404 3226 -
1457 3179 1544 3246 V
1536 3173 1854 3271 aginula
1922 3184 2259 3266 angusta.
2392 3153 2580 3241 'Seta
2635 3169 3042 3243 biuncialis
3082 3159 3386 3266 erecta,
3467 3181 3604 3253 vix

739 3377 742 3382 -
795 3320 1119 3405 tortilis,
1176 3315 1408 3388 fusca.
1533 3337 1583 3374 ³>
1609 3308 1846 3380 Theca
1899 3302 2771 3397 turbinato-cylindrica
2826 3327 3103 3394 erecta,
3160 3313 3433 3401 laeviS,
3489 3317 3604 3388 vi·-

792 3482 988 3532 rens.
1101 3449 1514 3550 Peristomii
1576 3447 1821 3516 dentes
1859 3466 2000 3534 ,32
2057 3440 2529 3527 brevissimi,
2586 3442 2945 3529 lineares,
3003 3439 3285 3533 obtusi,
3345 3448 3605 3525 incur-

792 3593 898 3682 vi,
952 3588 1231 3687 pallide
1267 3580 1490 3657 fusci.
1570 3581 2104 3678 Epiphragma
2138 3576 2659 3670 membranula
2696 3596 2972 3665 tenera,
3015 3580 3278 3653 albida.
3336 3591 3604 3681 ,Oper-
3656 3643 3663 3647 .

798 3734 1047 3806 culum
1099 3717 1819 3815 hemisphaericum,
1876 3737 2245 3787 mucrone
2300 3711 2598 3801 conice,
2655 3733 2900 3803 acuto,
2956 3715 3203 3805 brevi,
3271 3719 3600 3798 fuscum.

808 3873 1183 3968 calyptm
1248 3855 1690 3942 straminea,
1778 3852 1970 3925 villo
2036 3853 2520 3925 filamentoso
2606 3853 2846 3951 longo
2928 3854 3213 3950 pallide
3287 3856 3601 3957 ferrugi-

796 4028 1024 4077 neo.»
1126 4005 1272 4070 SW'.

1005 4130 1288 4211 Differt
1332 4157 1375 4205 a
1416 4129 1917 4228 praecedente
1964 4144 2052 4199 ut
2103 4134 2184 4201 P.
2239 4153 2519 4203 nanum
2574 4125 2669 4199 ab
2718 4128 2968 4200 alcide
3020 4130 3166 4200 Sw.
